3562 4822
394 461 435 521 34
687 472 856 522 accounr
872 471 919 520 or
935 471 1010 519 rna
1027 471 1240 520 axucvroas
1255 471 1302 519 or

393 628 449 714 viij
460 627 490 693 d.
537 628 624 694 Inter
638 650 788 716 pauperes
812 626 946 692 Manerii
971 626 1011 692 de
1035 626 1180 692 Criditon
1205 650 1249 690 xv
1260 625 1294 690 li.
1341 624 1428 690 Inter
1442 645 1595 711 pauperes

394 727 529 794 Manerii
543 731 582 794 de
599 730 809 794 Morcestriac
820 752 842 792 s.
888 728 975 792 Inter
984 751 1135 815 pauperes
1145 728 1279 792 Manerii
1294 728 1334 792 de
1344 727 1547 813 Nymetonvj
1562 726 1594 789 li.

394 831 483 897 Inter
496 855 647 919 pauperos
662 831 797 896 Manerii
813 830 852 895 de
868 830 994 895 Tauton
1009 853 1054 892 xv
1068 829 1100 892 li.
1147 829 1234 893 Inter
1248 851 1398 915 pauperes
1410 827 1544 893 Manerii
1555 827 1595 891 de

395 933 543 999 Famdon
558 960 602 999 xv
611 937 643 1000 li.
659 959 716 1000 xs.
731 935 775 1020 vij
789 935 861 998 den.
908 934 995 997 Inter
1009 955 1160 1020 pauperes
1183 933 1316 997 Manerii
1342 933 1381 996 de
1408 931 1594 997 Chudeham

394 1050 427 1104 et
442 1038 590 1124 Thomye
605 1038 673 1122 xiiij
684 1037 717 1100 li.
733 1037 788 1122 xvj
800 1060 822 1100 s.
870 1036 950 1100 Item
966 1036 1048 1100 inter
1062 1057 1212 1122 pauperes
1229 1035 1362 1098 Manerii
1378 1033 1416 1098 de
1436 1033 1594 1121 Horslegh

394 1140 428 1226 lij
441 1164 464 1205 s.
487 1141 602 1225 vjden.
654 1140 741 1203 Inter
763 1162 913 1225 pauperes
940 1138 1072 1203 Manerii
1099 1138 1139 1201 de
1164 1138 1303 1226 Titynge
1330 1138 1399 1201 ixs.
1456 1137 1537 1202 Item
1560 1137 1594 1200 in

395 1242 554 1307 solucione
582 1242 664 1306 facta
700 1242 740 1305 ad
777 1241 1008 1329 reparacionem
1038 1240 1143 1327 pontis
1172 1240 1211 1305 de
1242 1240 1476 1327 Teignebrigge
1500 1243 1595 1325 juxta

397 1342 567 1430 Teyngton
590 1343 686 1429 Regis
710 1343 773 1407 xli.
795 1343 865 1407 visu
892 1343 1010 1430 Rogeri
1037 1343 1154 1429 Sondy.
1200 1344 1281 1408 Item
1306 1344 1345 1407 ad
1369 1344 1596 1429 reparationem

396 1447 501 1535 pontis
531 1446 570 1510 de
603 1445 809 1532 Stykelepath
839 1447 870 1530 vj
884 1446 916 1508 li.
947 1446 1003 1528 xiij
1017 1469 1039 1510 s.
1064 1445 1109 1527 iiij
1124 1446 1153 1508 d.
1183 1446 1254 1510 visu
1285 1446 1415 1510 Roberti
1446 1446 1596 1510 Monachi

396 1549 524 1614 ibidem.
570 1548 651 1613 Item
667 1540 810 1612 Waltero
825 1548 864 1611 de
882 1547 1052 1634 Stapeldon
1070 1547 1192 1611 Thome
1216 1547 1255 1612 de
1280 1547 1430 1612 Cherlton
1454 1548 1596 1612 Iohanni

397 1650 437 1715 de
466 1649 586 1714 Button
617 1649 759 1714 Iohanni
788 1650 828 1713 de
858 1650 998 1713 Brueton
1030 1649 1151 1714 Thome
1177 1649 1216 1714 de
1243 1649 1373 1714 Henton
1399 1650 1534 1715 Ricardo
1556 1651 1596 1715 de

397 1752 527 1818 Hacche
553 1765 586 1817 et
610 1751 752 1817 Galfrido
779 1752 818 1817 de
844 1751 934 1839 Lucy
948 1752 1169 1817 executoribus
1194 1753 1333 1838 ejusdem
1349 1754 1529 1817 testamenti
1540 1776 1598 1840 pro

393 1858 500 1923 labore
523 1879 579 1921 suo
603 1855 684 1920 circa
700 1856 819 1921 dictum
845 1865 1068 1920 testamentum
1092 1856 1311 1942 exequendum
1338 1856 1397 1919 lxx
1407 1856 1440 1919 li.
1466 1856 1597 1921 cuilibet

397 1959 584 2025 mmmxh

897 2061 1027 2126 Summa
1044 2061 1087 2124 M¹
1102 2061 1225 2125 cccxlv
1239 2061 1270 2124 li.
1287 2063 1354 2147 vjs.
1370 2063 1402 2146 xj
1417 2061 1487 2126 den.
1503 2063 1554 2127 ob.

443 2266 672 2330 Sonccrouas
701 2281 929 2327 nncnroaun
955 2282 1028 2327 aaa
1055 2281 1301 2330 coorcrnnun.
1348 2265 1448 2328 Iidem
1472 2287 1599 2350 compu-

398 2378 468 2432 tant
489 2366 524 2428 in
546 2365 755 2429 solucionibus
777 2387 834 2450 pro
856 2366 1042 2429 executione
1063 2366 1175 2430 ultime
1196 2367 1366 2431 voluntatis
1390 2368 1518 2432 Domini
1544 2393 1600 2454 per

399 2469 581 2536 codicillum
592 2469 685 2552 juxta
700 2479 920 2532 testamentum
936 2491 1027 2532 suum
1050 2468 1166 2532 factum
1190 2470 1337 2534 videlicet
1358 2470 1392 2533 in
1415 2471 1598 2556 solucionej

401 2595 503 2658 cuppe
518 2571 569 2636 vel
585 2571 710 2635 alterius
720 2570 832 2654 jocalis
849 2569 985 2633 Domino
1002 2570 1123 2635 'Ihome
1138 2572 1177 2636 de
1193 2571 1325 2637 Berkele
1340 2573 1438 2636 nichil
1454 2573 1505 2637 hic
1527 2575 1602 2661 quia

401 2674 591 2740 satisfactum
608 2684 654 2736 est
668 2673 728 2737 sibi
743 2673 884 2758 superius
898 2673 1015 2737 virtute
1025 2675 1202 2738 testamenti
1217 2674 1302 2761 quod
1316 2675 1430 2739 similia
1443 2677 1539 2740 verba
1551 2677 1602 2741 vel

401 2777 510 2844 eadem
526 2788 738 2863 representunt
750 2776 789 2840 de
804 2775 912 2839 eodem
929 2775 1032 2861 legato
1048 2800 1109 2863 que
1124 2791 1156 2841 et
1170 2777 1341 2841 codicillus.
1372 2778 1452 2842 Item
1464 2777 1602 2841 Domino

402 2880 566 2945 Willelmo
589 2878 706 2941 hlartin
717 2879 730 2962 j
747 2901 804 2964 par
825 2877 964 2964 pelvium
988 2879 1109 2965 argenti
1132 2878 1226 2964 pretii
1247 2878 1293 2963 iiij
1305 2879 1337 2943 li.
1360 2880 1438 2964 xviij
1451 2903 1474 2944 s.
1520 2879 1600 2943 Item

403 2981 541 3047 Domino
558 2980 699 3045 Gilberto
721 2980 760 3044 de
777 2978 930 3043 Knouvill
941 2981 955 3064 j
972 2981 1083 3066 ciphus
1105 2981 1227 3067 argenti
1249 2981 1360 3068 planus
1382 3005 1454 3046 cum
1477 3005 1603 3068 oooper-

403 3085 475 3151 culo
490 3082 582 3170 pretii
598 3081 677 3165 xliiij
686 3104 710 3145 s.
726 3081 769 3163 vij
781 3081 852 3145 den.
898 3081 978 3145 Item
995 3083 1133 3147 Roberto
1155 3083 1310 3148 Monacho
1333 3084 1372 3148 de
1398 3083 1602 3170 Stykelepath

403 3186 485 3274 proj
503 3183 631 3248 annuali
645 3183 831 3247 celebrando
846 3201 900 3248 cs.
947 3184 1026 3249 Item
1044 3185 1196 3271 Magistro
1212 3185 1247 3250 J.
1263 3186 1302 3249 de
1318 3172 1485 3273 Coleputte
1500 3186 1566 3271 lxvj
1581 3210 1604 3251 s.

403 3289 459 3373 viij
471 3288 541 3352 den.
599 3286 680 3350 Item
704 3286 791 3349 fratri
816 3286 939 3374 Rogero
961 3288 1000 3351 de
1024 3287 1129 3352 Holne
1151 3311 1197 3350 xx
1208 3311 1230 3351 s.
1276 3288 1357 3352 Item
1385 3289 1538 3353 Nicholao
1566 3293 1605 3354 de

406 3389 496 3479 Legh
512 3389 622 3454 scolari
637 3405 657 3453 c
670 3411 692 3451 s.
750 3387 830 3452 Item
855 3389 927 3453 Ade
949 3390 1096 3453 servienti
1119 3390 1159 3455 de
1181 3391 1261 3455 Clist
1283 3405 1387 3477 preter
1409 3392 1605 3479 supralegata

403 3492 438 3556 xl
449 3516 472 3557 s.
519 3491 600 3556 Item
618 3489 711 3554 Elote
726 3488 766 3554 de
781 3489 910 3554 Barewe
932 3504 1036 3575 preter
1057 3493 1253 3579 supralegata
1275 3493 1310 3555 lx
1321 3515 1344 3556 s.
1390 3492 1472 3558 Item
1488 3493 1527 3557 ad
1542 3495 1606 3558 dis·

404 3592 607 3659 tribuendum
632 3592 715 3657 inter
735 3591 885 3656 familiam
909 3591 1040 3656 Domini
1063 3595 1177 3680 quibus
1199 3594 1299 3660 nichil
1320 3595 1372 3659 vel
1394 3597 1500 3661 minus
1521 3596 1605 3660 suffi-

405 3694 524 3761 cienter
538 3695 572 3758 in
587 3705 773 3759 testamento
787 3693 928 3781 legatum
943 3693 1051 3758 existit
1065 3695 1214 3761 videlicet
1223 3696 1366 3762 «Iohanni
1376 3698 1498 3785 Tovylc
1512 3699 1607 3785 pagio

405 3794 530 3883 pistrini
552 3795 583 3878 vj
597 3817 620 3858 s.
635 3794 690 3878 viij
702 3794 775 3858 den.
820 3794 900 3859 Item
918 3793 1057 3859 Roberto
1073 3795 1156 3861 Dote
1170 3797 1227 3881 ijs.
1273 3798 1354 3862 Item
1371 3798 1506 3864 Ricardo
1522 3800 1606 3864 Doul

404 3911 437 3964 et
452 3895 594 3961 Iohanni
612 3895 791 3983 Langetrou
806 3896 862 3981 ijs.
895 3897 976 3962 Item
993 3897 1132 3964 Roberto
1150 3899 1378 3965 Elemosinario
1392 3926 1414 3965 v
1425 3925 1449 3967 s.
1465 3904 1606 3968 Iohanni

404 3998 499 4086 pagio
525 3996 681 4061 venatoris
702 4020 757 4062 vs.
804 3998 885 4061 Item
913 3997 1081 4081 Radulpho
1103 4002 1199 4086 pagio
1224 4003 1347 4089 pistrini
1374 4005 1406 4090 vj
1417 4027 1441 4069 s.
1465 4005 1521 4088 viij
1534 4005 1605 4070 den.
