3562 4822
287 441 333 502 40
581 458 814 510 accounros
831 460 1198 511 rnnuxncnronsor

331 607 494 678 Tuuson.
533 612 613 680 Item
626 614 660 679 in
669 615 883 682 consimilibus
892 617 1035 704 expensis
1047 615 1136 682 fectis
1145 615 1230 704 upud
1240 614 1367 679 Tanton
1375 612 1467 699 lxiiij
1475 636 1502 678 s.

287 734 340 800 qu.
357 726 389 778 et
402 715 436 778 in
451 716 634 783 allocutione
648 718 766 783 ibidem
782 733 886 806 preter
907 720 1124 785 allocutionem
1148 720 1261 784 factam
1284 715 1503 805 respondente

286 841 343 903 pro
357 817 495 885 instauro
510 833 631 887 retento
646 822 686 887 ad
701 846 779 909 opus
794 823 887 888 electi
900 822 971 907 xiiij
985 846 1006 886 s.
1025 823 1046 908 ij
1061 822 1132 887 den.

330 1023 528 1092 NYMnrorr.
575 1026 655 1092 Item
671 1027 705 1091 in
720 1027 935 1092 consimilibus
949 1026 1094 1113 expensis
1108 1025 1198 1090 factis
1220 1023 1304 1111 upud
1327 1021 1499 1107 Nymeton

285 1125 366 1212 xxiij
380 1149 403 1192 s.
418 1127 454 1191 ix
464 1127 536 1192 den.
552 1139 584 1193 et
599 1129 632 1192 in
647 1129 832 1195 ullocatione
859 1129 975 1194 ibidem
999 1140 1103 1215 preter
1130 1126 1348 1193 edocationem
1374 1124 1498 1189 luctum

331 1450 527 1516 Omnluou.
574 1451 653 1517 Item
668 1453 702 1518 in
717 1453 933 1519 consimilibus
956 1452 1101 1541 expensis
1122 1451 1213 1517 suetis
1234 1451 1319 1539 upud
1341 1450 1497 1516 Criditon

284 1551 342 1637 lxij
354 1576 377 1617 s.
392 1553 448 1638 viij
462 1553 532 1618 den.
550 1564 582 1619 et
596 1555 630 1618 in
652 1556 837 1621 allocutione
861 1557 980 1622 ibidem
1003 1567 1107 1642 preter
1132 1554 1349 1620 allocutionem
1374 1552 1498 1619 fuctum

284 1656 486 1743 respondenti
501 1681 559 1744 pro
573 1658 713 1723 instauro
727 1670 850 1724 retento
866 1682 923 1746 pro
939 1658 1038 1725 electo
1053 1658 1161 1723 nichil.

329 1875 447 1942 Carsu.
493 1876 574 1942 Item
601 1877 636 1942 in
665 1878 879 1944 consimilibus
909 1876 1054 1964 expensis
1078 1876 1166 1942 fustis
1195 1877 1279 1964 apud
1303 1875 1383 1941 Clist
1407 1893 1458 1942 cx
1467 1900 1496 1942 s.

280 1977 377 2061 jden.
392 2003 445 2067 qu.
461 1980 541 2045 etin
556 1980 741 2047 allocutione
755 1981 873 2046 ibidem
889 1994 992 2067 preter
1007 1993 1044 2045 ut
1059 2002 1150 2066 supra
1165 1979 1198 2064 iij
1210 2002 1234 2044 s.
1249 1979 1310 2044 vd.
1327 1979 1378 2044 ob.

330 2197 545 2263 Turnurorr.
591 2197 673 2262 Item
688 2199 721 2262 in
737 2199 952 2266 consimilibus
966 2199 1209 2286 expensissuctis
1220 2201 1305 2286 apud
1317 2200 1493 2288 Teyngton

284 2299 331 2364 lix
341 2323 366 2364 s.
380 2324 402 2364 v
411 2300 482 2365 den.
498 2313 530 2365 et
545 2300 578 2364 in
594 2300 779 2366 allocutione
794 2301 913 2366 ibidem
929 2314 1033 2389 preter
1047 2315 1084 2368 ut
1098 2325 1190 2389 supra
1204 2302 1312 2367 nichil.

329 2519 597 2589 CHUDDELEGH.
643 2521 724 2587 Item
740 2521 774 2585 in
789 2522 1002 2587 consimilibus
1016 2522 1160 2609 expensis
1174 2522 1264 2587 factis
1277 2522 1362 2609 apud
1378 2521 1490 2588 chud-

283 2626 399 2715 delegh
420 2626 466 2711 iiij
477 2626 510 2690 li.
526 2625 595 2711 xvij
610 2647 633 2690 s.
653 2625 769 2711 vjden.
792 2648 845 2711 qu.
868 2625 956 2690 etin
978 2625 1162 2691 allocutione
1185 2624 1302 2691 ibidem
1324 2635 1428 2712 preter
1452 2638 1491 2690 ut

283 2752 376 2816 supra
390 2728 502 2794 nichil.

327 2949 545 3015 Psxnurorr.
591 2948 673 3014 Item
688 2950 722 3013 in
737 2948 952 3016 consimilibus
966 2950 1110 3036 expensis
1122 2950 1212 3015 factis
1221 2950 1304 3038 upud
1316 2949 1487 3036 Peyngton

283 3051 339 3136 viij
350 3050 384 3116 li.
399 3051 433 3135 iij
446 3073 469 3114 s.
485 3050 542 3135 viij
556 3049 587 3113 d.
603 3050 652 3114 ob.
670 3062 701 3115 et
716 3074 772 3137 per
787 3050 943 3138 Harpetre
965 3051 1001 3115 ix
1012 3074 1034 3116 s.
1059 3051 1092 3136 iij
1108 3051 1179 3117 den.
1203 3064 1236 3117 et
1250 3052 1284 3116 in
1299 3052 1488 3119 ullocutione

282 3166 387 3242 preter
401 3166 438 3217 ut
452 3175 544 3239 supra
558 3151 672 3216 xxixs.
688 3175 712 3215 x
721 3151 792 3216 den.

328 3377 493 3442 Suncrus
509 3373 729 3440 GERMANUS.
774 3373 855 3438 Item
867 3373 1124 3439 inconsimilibus
1139 3374 1283 3461 expensis
1299 3372 1386 3453 sactis
1401 3374 1489 3460 upud

285 3479 434 3545 Sunctum
461 3476 652 3543 Germanum
677 3475 759 3562 xxiij
772 3499 794 3540 s.
821 3476 938 3541 ixden.
962 3500 1015 3564 qu.
1041 3489 1074 3542 et
1099 3477 1133 3542 in
1159 3477 1343 3543 allocutione
1365 3476 1486 3542 ibidem

282 3591 386 3666 preter
401 3593 436 3644 ut
450 3603 543 3666 supru
557 3579 593 3644 xl
602 3603 627 3645 s.
641 3603 663 3643 v
673 3579 745 3646 den.
761 3580 813 3644 ob.

329 3797 514 3864 Tareina.
560 3798 644 3865 Item
665 3799 700 3864 in
726 3798 940 3864 consimilibus
965 3799 1110 3888 expensis
1132 3799 1222 3865 fectis
1243 3801 1328 3888 apud
1350 3800 1490 3887 Treguer

282 3899 421 3984 xxxiijs.
447 3923 494 3986 ιιι]
505 3900 537 3965 d.
551 3925 605 3988 qu.
629 3902 715 3966 etin
737 3901 923 3970 allocutione
949 3903 1069 3969 ibidem
1095 3916 1200 3990 preter
1226 3915 1263 3968 ut
1287 3926 1380 3990 supra
1394 3903 1449 3988 xxj
1463 3925 1488 3966 s.

281 4004 328 4092 iiij
342 4004 413 4071 den.
429 4003 480 4069 ob.
