3562 4822
488 441 530 498 84
782 451 955 501 ACCOUN'I'
971 452 1020 501 OF
1037 453 1113 500 THE
1129 452 1343 501 EXEGUTOBS
1357 452 1409 501 ΟΕ

486 604 631 669 venditis.
677 605 721 670 Et
740 606 779 672 dc
803 608 880 692 xxvj
894 631 918 672 s.
939 607 994 693 viij
1008 607 1038 672 d.
1061 608 1100 684 (le
1125 609 1197 673 feno
1223 606 1352 672 vendito
1374 606 1412 672 in
1436 623 1559 696 parte.
1625 612 1674 678 Et
1696 612 1737 679 do

485 703 546 767 alia
569 717 657 790 parte
679 705 743 769 feni
766 706 860 792 pretii
885 706 953 771 xla
976 720 1067 793 capta
1090 729 1146 793 per
1169 706 1328 771 ministros
1352 705 1571 776 eschaetoris
1595 724 1636 778 et
1659 736 1737 778 eon·

484 821 608 893 sumpta
624 819 659 872 ut
673 807 763 871 infra.

1289 909 1424 975 Summa
1440 913 1538 980 cxiv
1550 914 1592 982 li.
1608 916 1649 982 iv
1660 941 1689 983 s.

529 1116 632 1180 quu.
680 1115 798 1180 Petunt
824 1114 1017 1179 Executores
1045 1137 1078 1178 se
1107 1115 1270 1180 exonerari
1301 1114 1341 1181 de
1365 1129 1517 1203 quatuor
1546 1125 1733 1210 quarteriis

483 1233 600 1304 septem
624 1219 765 1282 bursellis
787 1241 886 1282 avene
910 1217 1003 1303 pret-ii
1023 1217 1079 1280 xiv
1089 1240 1113 1280 s.
1128 1217 1173 1280 vii
1186 1217 1217 1281 d.
1233 1219 1283 1284 ob.
1330 1218 1374 1283 Et
1387 1218 1430 1283 de
1445 1235 1606 1307 quatuor
1630 1250 1730 1314 quar·

483 1319 569 1383 teriis
584 1332 702 1405 septem
717 1319 857 1383 busscllis
871 1335 903 1382 et
919 1318 1051 1403 dimidio
1066 1319 1200 1406 siliginis
1214 1321 1309 1406 pretii
1324 1321 1379 1405 xvj
1391 1343 1416 1384 s.
1436 1344 1461 1384 x
1472 1323 1508 1387 d.
1529 1328 1648 1414 captis
1670 1352 1729 1416 per

484 1420 641 1484 ministros
658 1420 854 1486 Eschaetoris
877 1435 910 1486 et
933 1421 1067 1486 detentis
1092 1422 1200 1486 invitis
1226 1424 1450 1488 executoribus
1477 1426 1585 1494 nullo
1614 1432 1726 1518 pretio

483 1524 557 1590 inde
573 1525 683 1589 soluto.
729 1524 772 1587 Et
787 1524 825 1587 de
840 1524 875 1587 xl
886 1547 908 1588 s.
925 1525 988 1588 feni
1004 1524 1086 1610 capti
1102 1549 1158 1611 per
1173 1525 1297 1590 eosdem
1320 1525 1414 1590 simili
1438 1529 1550 1594 modo
1581 1533 1629 1598 ad
1654 1559 1726 1601 sus·

482 1631 689 1695 tentationem
704 1628 887 1693 animalium
903 1651 1029 1691 suorum
1048 1643 1186 1715 tempore
1201 1631 1382 1694 vacationis.

690 1732 820 1798 Summa
847 1731 914 1816 lxxj
926 1755 950 1794 s.
966 1755 987 1794 v
999 1732 1030 1796 d.
1076 1731 1120 1796 Et
1143 1733 1187 1796 sic
1212 1746 1373 1797 remanent
1396 1733 1493 1798 cxli.
1519 1737 1578 1823 xij
1591 1762 1619 1804 s.
1635 1743 1673 1828 vj
1686 1742 1722 1808 d.

738 1841 788 1904 ob.
834 1838 881 1903 De
897 1837 1010 1925 quibus
1026 1837 1144 1902 habent
1159 1839 1356 1925 respondere.

521 2043 639 2108 Petunt
660 2045 754 2109 etiam
779 2044 839 2109 sibi
859 2043 985 2108 allocari
1008 2066 1141 2108 errorem
1168 2057 1351 2108 contentum
1376 2045 1411 2108 in
1435 2042 1642 2117 Inventario
1670 2055 1714 2122 de

476 2158 593 2230 septem
609 2147 725 2233 viginti
740 2148 903 2234 quarteriis
914 2147 1001 2212 ordei
1017 2171 1080 2211 uno
1093 2146 1225 2211 dimidio
1237 2147 1370 2212 bussolio
1383 2147 1488 2212 minus
1500 2150 1542 2216 de
1562 2170 1709 2222 centum

476 2261 508 2311 et
523 2248 686 2333 sexaginta
701 2250 875 2335 quarteriis,
888 2250 1011 2314 insertis
1026 2250 1059 2313 in
1073 2250 1254 2314 inventario
1266 2250 1346 2316 vitio
1357 2251 1534 2332 scribentis,
1549 2279 1596 2320 eo
1614 2259 1710 2346 quod

476 2347 567 2433 plura
581 2350 737 2434 quarteria
752 2373 844 2436 quam
861 2350 976 2437 viginti
992 2365 1024 2416 et
1039 2352 1205 2416 dimidium
1223 2353 1391 2417 bussellurn
1408 2352 1544 2421 minime
1568 2358 1706 2427 ibidem

475 2451 727 2531 inveniebantur,
748 2454 979 2540 propterquod
1002 2478 1066 2519 non
1087 2468 1219 2519 onerent
1241 2478 1273 2519 se
1296 2454 1331 2518 in
1340 2468 1487 2543 compoto
1509 2479 1570 2523 suo
1594 2461 1705 2546 juxta

475 2578 628 2620 summam
644 2557 869 2643 quarteriorum
885 2555 1031 2642 scriptam
1048 2556 1082 2619 in
1098 2555 1289 2621 inventario.

491 2838 494 2843 ,
519 2763 708 2831 STAURUM.
756 2764 856 2829 Iidem
870 2763 1058 2851 respondent
1073 2761 1112 2826 de
1124 2761 1245 2826 duobus
1258 2762 1345 2849 equis
1356 2760 1532 2828 carecteriis
1546 2785 1694 2849 quorum

474 2887 556 2931 unus
577 2867 671 2954 pretii
693 2868 771 2952 xxvj
783 2891 807 2932 s.
828 2866 884 2952 viij
897 2867 927 2931 d.
950 2864 1104 2930 abductus
1125 2879 1234 2928 contra
1255 2864 1451 2930 voluntatem
1474 2878 1692 2935 executorum

472 2992 528 3055 per
543 2970 726 3057 magistrum
740 2971 782 3033 H.
795 2969 834 3033 de
847 2969 1040 3034 Gloucestria
1055 2967 1311 3033 subescaetorem.
1344 2968 1387 3032 Et
1397 2966 1476 3033 alius
1486 2968 1582 3055 pretii
1594 2971 1691 3056 xiijs.

472 3072 547 3136 ivd.
567 3072 715 3138 liberatus
740 3072 851 3136 Electo
880 3094 937 3158 pro
966 3071 1160 3157 inplemento
1181 3070 1310 3137 ibidem.
1357 3071 1401 3136 Et
1425 3071 1477 3136 de¹
1494 3093 1549 3136 sex
1579 3075 1691 3140 stottis

471 3175 564 3262 pretii
584 3198 653 3240 xxx
664 3199 689 3241 s.
711 3173 847 3262 pretium
867 3172 977 3260 cepitis
991 3196 1046 3237 vs.
1069 3172 1208 3237 liberatis
1230 3172 1373 3238 similiter
1395 3196 1452 3261 pro
1474 3173 1701 3264 inplemento„

474 3281 516 3347 Et
536 3282 576 3346 de
591 3303 668 3345 xvs.
683 3279 722 3344 de
737 3277 877 3366 quinque
898 3275 1001 3340 stottis
1020 3274 1157 3341 venditis
1179 3275 1315 3363 pretium
1338 3277 1450 3363 capitis
1472 3299 1525 3342 vs.
1572 3278 1617 3343 Et
1644 3281 1689 3348 de

472 3385 645 3450 octodecim
668 3384 801 3448 bovibus
819 3380 914 3469 pretii
933 3380 966 3444 ix
976 3379 1009 3444 li.
1024 3378 1104 3464 xviij
1118 3402 1141 3442 s.
1162 3378 1299 3464 pretium
1320 3379 1431 3465 cepitis
1451 3380 1484 3464 xj
1496 3402 1518 3445 s.
1541 3379 1688 3448 liberatis

472 3509 529 3570 pro
544 3487 746 3574 inplement0.
794 3486 838 3551 Et
852 3484 891 3548 de
907 3506 970 3547 uno
985 3495 1075 3547 tauro
1086 3481 1180 3568 pretii
1195 3482 1227 3566 vj
1239 3504 1263 3546 s.
1276 3481 1331 3567 viij
1343 3482 1373 3547 d.
1387 3483 1531 3548 similiter
1545 3482 1686 3552 liberato

471 3609 529 3672 pro
543 3588 745 3674 inplcmento.
780 3588 824 3652 Et
838 3587 877 3651 do
892 3586 949 3670 xiij
961 3609 983 3650 s.
1000 3584 1032 3648 iv
1042 3583 1073 3648 d.
1086 3583 1126 3648 de
1140 3584 1263 3649 duobus
1275 3584 1371 3648 tauris
1382 3585 1529 3665 venditis,
1541 3587 1685 3673 pretium

471 3689 581 3774 capitis
596 3691 627 3773 vj
640 3714 663 3754 s.
675 3690 728 3776 viij
740 3691 771 3755 d.
807 3689 851 3754 Et
865 3688 904 3753 de
920 3688 954 3751 ix
963 3686 996 3751 li.
1008 3685 1039 3771 vj
1050 3708 1072 3749 s.
1089 3685 1128 3750 dc
1143 3685 1275 3773 triginta
1289 3698 1322 3751 et
1337 3711 1401 3751 una
1412 3689 1515 3754 vaccis
1528 3691 1681 3772 venditis,

473 3792 609 3879 pretium
624 3794 734 3881 capitis
749 3793 779 3878 vj
791 3817 815 3858 s.
853 3793 896 3857 Et
918 3791 958 3856 de
979 3790 1012 3854 iv
1021 3790 1054 3853 li.
1070 3789 1109 3855 de
1124 3789 1241 3876 viginti
1256 3791 1358 3856 vaccis
1373 3792 1520 3872 venditis,
1539 3794 1694 3880 pretium·

472 3895 582 3981 capitis
596 3895 629 3958 iv
642 3919 665 3960 s.
700 3896 743 3959 Et
758 3897 797 3960 de
812 3896 867 3981 xlij
879 3919 902 3959 s.
912 3895 952 3960 de
967 3907 1084 3982 septem
1100 3893 1237 3959 bovettis
1251 3895 1399 3975 venditis,
1415 3896 1552 3983 pretium
1567 3898 1682 3985 capitis

470 3998 501 4083 vj
513 4022 535 4062 s.
582 3998 624 4063 Et
640 3998 678 4063 de
692 3996 772 4061 xxiv
782 4020 805 4060 s.
816 3996 856 4062 do
871 4020 923 4062 sex
938 3995 1074 4062 bovettis
1090 3996 1237 4076 venditis,
1254 3998 1391 4084 pretium
1408 3999 1519 4088 capitis
1533 4000 1565 4065 iv
1575 4023 1599 4066 s.
1635 4003 1680 4069 Et
