3600 4836
342 485 384 543 42
592 509 597 516 ·
630 496 801 544 Acconnr
817 495 864 544 or
883 498 960 544 rna
979 498 1196 546 axncuroas
1212 497 1259 545 or

340 650 421 714 Item
447 651 572 714 cuidam
599 652 759 737 capellano
782 652 899 716 ibidem
925 652 964 716 ad
980 653 1200 717 celebrandum
1218 675 1274 738 pro
1296 650 1402 715 anima
1416 649 1550 712 Domini

341 752 386 837 xij
400 751 471 816 dcn.
518 752 596 816 Item
613 754 754 841 garcioni
770 776 826 817 suo
841 754 862 838 ij
877 753 948 818 den.
995 755 1076 819 Item
1093 754 1257 819 Fratribus
1272 752 1453 817 Minoribus
1470 751 1551 813 Dor·

342 855 451 918 cestrie
476 855 533 939 xiij
547 878 571 920 s.
597 856 642 938 iiij
657 856 728 919 den.
774 856 854 920 Item
887 857 987 920 Priori
1017 870 1049 921 ct
1079 855 1261 921 Conventui
1294 853 1451 918 Bathonie
1481 852 1515 914 xl
1525 874 1550 916 s.

342 957 423 1021 Item
449 957 569 1028 Abbati
592 970 625 1022 ct
651 957 832 1021 Conventui
857 958 897 1022 dc
921 958 1123 1046 Kaynesham
1145 959 1223 1042 xxvj
1237 981 1261 1021 s.
1280 956 1336 1041 viij
1350 956 1423 1020 den.
1470 954 1550 1017 Item

343 1058 464 1122 Abbati
478 1071 511 1123 et
522 1058 701 1124 Conventui
716 1059 822 1123 Sancti
836 1059 1010 1147 Augustini
1023 1059 1150 1123 Bristoll
1166 1059 1277 1142 xxvjs.
1292 1057 1348 1140 viij
1358 1056 1430 1121 den.
1470 1055 1550 1118 Item

344 1159 506 1224 Fratribus
517 1159 766 1223 Predicatoribus
780 1173 812 1224 et
822 1160 1000 1224 Minoribus
1014 1173 1046 1224 et
1060 1161 1221 1224 Fratribus
1236 1160 1276 1223 de
1292 1158 1402 1222 Monte
1416 1156 1551 1221 Carmeli

342 1259 461 1332 ibidem
491 1259 525 1322 xl
537 1283 561 1324 s.
588 1260 717 1324 cuilibet
746 1260 849 1324 ordini
875 1261 888 1344 j
917 1284 1029 1325 marca.
1075 1261 1157 1325 Item
1183 1260 1286 1325 Priori
1312 1273 1345 1324 et
1372 1257 1552 1324 Conventui

346 1360 452 1424 Sancti
469 1358 583 1425 Jacobi
599 1360 718 1444 ibidem
733 1360 764 1443 vj
776 1383 800 1425 s.
815 1361 870 1445 viij
883 1361 955 1426 den.
1001 1362 1082 1426 Item
1100 1362 1253 1449 Magistro
1272 1360 1380 1426 Sancti
1395 1358 1553 1424 Iohannis

343 1461 460 1526 ibidem
483 1461 575 1546 xiijs.
591 1461 636 1545 iiij
648 1461 721 1525 den.
767 1462 848 1526 Item
866 1463 967 1526 Priori
991 1474 1023 1528 et
1047 1463 1228 1528 Conventui
1247 1463 1286 1528 de
1303 1461 1471 1547 Byleswyk
1487 1460 1551 1543 vjs.

344 1562 399 1646 viij
414 1562 485 1627 den.
531 1563 611 1627 Item
641 1563 789 1627 Priorisse
814 1575 846 1628 et
876 1564 1056 1628 Conventui
1087 1565 1126 1629 de
1157 1564 1286 1629 Barewe
1316 1564 1348 1648 vj
1364 1586 1386 1626 s.
1412 1562 1469 1647 viij
1481 1562 1552 1625 den.

347 1666 428 1730 Item
445 1665 607 1731 Fratribus
624 1665 874 1731 Predicatoribus
899 1678 931 1731 et
947 1665 1124 1730 Minoribus
1146 1665 1186 1730 de
1203 1665 1384 1730 Ivelcestria
1399 1676 1431 1728 et
1446 1663 1553 1749 Bruge

346 1765 480 1831 Walteri
506 1766 583 1851 xxvj
595 1789 617 1831 s.
632 1767 689 1852 viij
703 1767 735 1831 d.
782 1765 862 1832 Item
890 1766 1043 1855 Magistro
1069 1766 1243 1854 Hospitalis
1271 1766 1380 1831 Sancti
1395 1764 1553 1829 Iohannis

298 1908 303 1917 ·
345 1867 385 1933 de
408 1868 514 1955 Bruge
523 1867 664 1971 ssehen
689 1869 766 1954 xxvj
778 1892 801 1933 s.
816 1869 873 1955 viij
886 1870 957 1935 den.
1004 1870 1085 1935 Item
1102 1870 1207 1934 Alicie
1235 1867 1274 1933 de
1300 1867 1487 1954 Hampbrok
1515 1867 1554 1931 de

348 1973 491 2036 Manerio
507 1971 546 2035 de
562 1971 747 2036 Chudeham
775 1995 832 2059 pro
857 1973 982 2058 injuriis
1008 1973 1067 2039 sibi
1094 1972 1183 2037 factis
1205 1995 1260 2058 per
1274 1970 1407 2035 ballivos
1424 1969 1554 2032 Domini

348 2074 411 2159 vjs.
427 2075 483 2158 viij
492 2074 562 2138 den.
603 2073 684 2139 Item
699 2074 788 2139 fratri
804 2075 926 2140 Thorne
943 2076 1076 2141 Piehard
1093 2076 1150 2161 xiij
1160 2098 1184 2141 s.
1199 2075 1245 2161 iiij
1254 2074 1286 2139 d.
1332 2074 1413 2138 Item
1427 2072 1554 2137 Vicario

349 2175 388 2239 de
415 2175 540 2238 Tauton
566 2197 622 2260 pro
646 2176 784 2239 cantaria
809 2176 849 2241 de
875 2177 1049 2264 Nyweport
1063 2200 1115 2241 xa
1155 2177 1236 2242 Item
1257 2176 1395 2240 Domino
1411 2174 1553 2240 Johanni

349 2275 389 2338 de
406 2274 576 2360 Lokynton
592 2274 627 2336 lx
639 2298 661 2338 s.
676 2275 711 2337 in
727 2276 921 2341 relaxatione
939 2277 1038 2343 debiti
1060 2279 1119 2342 sui.
1165 2278 1246 2342 Item
1263 2278 1401 2340 Domino
1418 2277 1555 2341 Roberto

350 2377 390 2442 de
404 2375 596 2462 Wynchelsc
612 2377 691 2460 xxiij
705 2377 739 2440 li.
754 2378 785 2461 vj
798 2401 820 2442 s.
836 2379 891 2463 viij
903 2379 974 2444 den.
990 2381 1024 2442 in
1040 2380 1232 2444 relaxatione
1248 2378 1347 2442 debiti
1369 2377 1427 2440 sui.
1474 2377 1554 2441 Item

351 2477 494 2543 Iohanni
520 2478 559 2541 de
581 2476 737 2542 Killeburi
764 2478 889 2543 alain
916 2481 1109 2544 relaxatione
1132 2479 1231 2544 debiti
1254 2479 1314 2543 sui.
1361 2477 1442 2541 Item
1470 2479 1556 2541 fratri

353 2579 478 2665 Rogare
504 2579 543 2644 de
560 2578 665 2643 Holne
686 2580 725 2644 de
740 2581 849 2645 ordine
865 2581 1011 2646 Fratrum
1028 2581 1187 2645 Minorum
1206 2579 1330 2644 Exonie
1340 2579 1354 2663 j
1372 2579 1555 2643 mantellum

352 2704 425 2747 curn
440 2681 546 2746 futura
561 2680 601 2746 de
616 2683 763 2769 vulpibus
788 2684 882 2770 pretii
903 2685 973 2770 vjs.
988 2708 1045 2771 per
1070 2684 1316 2771 assignacionem
1343 2697 1556 2748 executurum.

355 2785 434 2848 Item
451 2783 553 2848 eidem
569 2807 626 2869 pro
649 2784 766 2850 fabrica
789 2786 914 2851 claustri
940 2787 987 2850 sui
1004 2786 1129 2850 Exonie
1144 2809 1190 2849 xx
1201 2808 1225 2850 s.
1241 2807 1298 2871 per
1312 2784 1556 2871 assignaeionem

354 2886 535 2950 eorundem.
582 2886 662 2951 Item
680 2887 831 2974 Magistro
848 2889 970 2954 Thome
994 2889 1033 2954 de
1050 2890 1237 2976 Dylyngton
1265 2888 1385 2953 doctori
1411 2887 1445 2949 in
1469 2887 1558 2951 theo·

355 2988 440 3074 logia
456 2987 521 3071 lxvj
535 3009 559 3051 s.
574 2988 632 3071 viij
646 2988 676 3052 d.
723 2988 803 3053 Item
820 2989 963 3054 Iohanni
979 2989 1107 3056 Vicario
1123 2990 1162 3055 de
1179 2990 1317 3055 Hevctre
1332 2990 1410 3074 xxvj
1425 3013 1447 3051 s.
1463 2990 1518 3072 viij
1530 2988 1560 3051 d.

356 3091 436 3155 Item
454 3089 596 3155 Iohanni
612 3089 710 3155 Malet
724 3092 877 3156 monacho
900 3093 957 3176 xiij
969 3117 993 3157 s.
1008 3093 1053 3178 iiij
1068 3093 1138 3158 den.
1185 3093 1266 3156 Item
1290 3091 1405 3156 fabrice
1432 3090 1560 3154 ecclesie

360 3191 467 3256 Sancti
495 3190 649 3256 Leonardi
675 3192 799 3258 Erronie
824 3193 881 3278 xiij
895 3218 918 3259 s.
943 3195 989 3278 iiij
1004 3195 1074 3259 den.
1120 3194 1201 3258 Item
1232 3192 1346 3258 fabrice
1376 3192 1560 3278 campanilis

356 3295 447 3359 beate
464 3293 561 3358 Illarie
578 3283 706 3377 Majoris
722 3295 845 3360 Exonie
860 3297 926 3382 lxvj
939 3298 1031 3382 aviij
1044 3297 1115 3361 den.
1161 3296 1242 3360 Item
1259 3296 1393 3361 Ricardo
1409 3295 1448 3358 de
1464 3295 1490 3358 F
1493 3294 1560 3358 olk-

356 3396 446 3460 welle
461 3418 517 3482 pro
532 3396 637 3460 labore
652 3418 708 3459 suo
723 3396 805 3461 circa
819 3408 1039 3462 testamentum
1055 3399 1086 3484 vj
1098 3421 1122 3464 s.
1137 3399 1192 3482 viij
1207 3397 1277 3462 den.
1324 3398 1403 3462 Item
1418 3396 1561 3461 Iohanni

357 3497 396 3563 de
413 3498 536 3563 Burton
551 3520 608 3584 pro
622 3498 731 3562 eodem
745 3499 807 3583 vjs.
819 3499 875 3584 viij
882 3499 955 3566 den.
1000 3500 1081 3565 Item
1096 3500 1224 3566 ecclesie
1239 3501 1321 3566 beati
1335 3500 1420 3565 Petri
1438 3499 1561 3562 Exonie

355 3600 369 3682 j
386 3611 497 3684 pecten
524 3599 695 3663 eburneum
717 3600 811 3684 pretii
825 3600 859 3686 iij
873 3624 896 3664 s.
943 3600 1024 3667 Item
1046 3602 1149 3668 eidem
1171 3603 1299 3668 ecclesie
1309 3604 1322 3687 j
1340 3603 1432 3665 mitm
1448 3601 1562 3664 ferialis

360 3700 453 3786 pretii
468 3723 514 3762 xx
524 3699 596 3764 den.
643 3701 722 3765 Item
748 3702 849 3767 eidem
874 3704 1001 3770 ecclesie
1025 3705 1047 3791 ij
1070 3706 1243 3771 bandekini
1258 3705 1350 3792 pretii
1366 3704 1401 3766 xl
1412 3726 1435 3767 s.
1481 3701 1561 3764 Item

360 3799 462 3864 eidem
478 3801 630 3886 ecclesiej
648 3826 723 3890 capa
738 3805 842 3870 casula
855 3806 963 3871 tunica
978 3806 1143 3872 dalmatica
1158 3808 1197 3872 de
1213 3809 1309 3871 rubeo
1327 3805 1452 3869 samitto
1469 3803 1563 3866 brou-

358 3901 433 3966 dato
457 3926 529 3968 curn
546 3905 641 3969 clavis
655 3920 687 3971 et
701 3907 846 3974 crucibus
861 3908 900 3974 de
915 3933 990 3976 auro
1005 3933 1077 3976 cum
1101 3933 1178 3974 zona
1193 3909 1232 3974 de
1251 3909 1349 3973 serico
1375 3919 1407 3970 et
1434 3904 1559 3968 frontali

357 4025 473 4093 magno
497 4005 536 4071 de
562 4020 644 4073 secta
659 4010 916 4076 vestimentorum
928 4011 1153 4098 predictorum,
1165 4025 1198 4077 et
1208 4012 1222 4096 j
1240 4010 1336 4077 tualla
1351 4032 1421 4074 curn
1439 4031 1562 4096 parura,
