3562 4822
288 432 331 493 56
563 443 734 492 accom
748 444 796 491 or
812 444 888 489 nnn
904 444 1121 493 nxncmoan
1134 445 1183 492 oe

286 611 413 698 oeputio
426 625 459 676 et
473 613 622 677 mantello
636 612 677 677 de
691 613 825 677 burneto
838 612 964 677 fitrratia
977 612 1019 677 de
1031 613 1163 677 minutia
1175 612 1273 678 variia
1294 615 1410 701 pretii
1426 617 1465 701 vj
1481 616 1521 683 li.

287 713 344 797 xiij
357 736 380 777 a
397 714 432 777 iv
443 714 476 778 d.
522 713 564 778 Et
578 713 619 778 de
639 714 761 778 duabus
783 714 991 800 eupertnnicis
1012 738 1086 779 cnm
1111 714 1238 801 caputio
1261 714 1408 783 fumeis
1435 742 1519 784 eum

288 814 418 879 minutis
432 815 527 878 variis
540 814 580 878 de
595 815 715 900 pemico
738 815 832 900 pretii
858 815 947 880 xiva
961 815 1027 879 xd.
1072 815 1115 879 Et
1136 814 1177 880 de
1198 815 1261 879 alia
1286 819 1519 903 aupwtunicn

286 939 360 981 cum
374 917 500 1002 caputio
514 915 555 980 de
568 916 678 980 blueto
693 915 810 978 fiirrata
823 937 897 978 cum
922 915 1056 1002 pellibus
1079 916 1205 1002 agninis
1226 918 1327 1001 pretii
1344 943 1372 983 v
1386 943 1415 984 a.
1467 920 1518 986 Et

286 1017 326 1082 de
339 1041 404 1082 uno
419 1032 538 1082 corseto
551 1017 592 1081 de
605 1017 713 1080 blueto
738 1016 857 1079 sumto
880 1014 920 1080 de
944 1039 1051 1102 grunno
1070 1017 1158 1080 vario
1183 1017 1278 1102 pretii
1296 1018 1367 1104 xiij
1381 1043 1410 1085 e.
1425 1021 1516 1087 ivd.

289 1120 331 1185 Et
344 1121 385 1185 de
398 1120 520 1184 duabus
533 1118 740 1205 supertunicis
753 1117 850 1204 panni
861 1116 901 1181 de
912 1116 1063 1203 Cendsyn
1076 1141 1150 1182 cum
1164 1118 1292 1203 caputio
1306 1118 1454 1186 finmtin
1469 1121 1515 1187 de

286 1222 416 1287 minutis
429 1221 525 1284 variis
538 1220 631 1306 pretii
645 1221 680 1283 ιι]
689 1243 714 1283 s.
757 1219 801 1282 Et
814 1217 855 1282 de
868 1218 931 1282 alia
944 1219 1147 1305 supertunicn
1157 1219 1197 1283 de
1208 1218 1368 1305 Cendryn
1379 1222 1513 1289 lineat·

286 1347 358 1388 cum
381 1324 507 1409 caputio
532 1323 626 1408 pretii
648 1345 705 1385 vs,
750 1321 793 1385 Et
817 1320 859 1387 de
881 1346 945 1386 una
968 1321 1168 1407 supertunicn
1193 1344 1268 1386 cum
1292 1326 1435 1409 caputio
1464 1326 1510 1392 de

286 1425 389 1488 bruno
402 1422 558 1487 camolino
572 1423 688 1487 lineata
702 1422 796 1507 pretii
810 1423 844 1486 iv
855 1445 879 1486 e.
925 1423 967 1487 Et
981 1423 1022 1488 de
1043 1423 1165 1487 duabus
1185 1425 1406 1508 anpertnnicia
1420 1450 1505 1492 cum

286 1525 412 1611 caputio
434 1524 474 1589 de
497 1547 620 1610 ponnaz
641 1523 767 1587 fiiri-atis
786 1546 859 1588 cum
879 1523 1011 1587 minutis
1033 1523 1129 1586 variis
1149 1524 1244 1610 pretii
1265 1523 1378 1591 lxvia.
1394 1529 1506 1614 viijd.

287 1627 331 1692 Et
344 1628 384 1692 de
398 1653 461 1693 nna
475 1625 674 1714 supertunica
685 1649 759 1690 cum
773 1626 900 1712 caputio
914 1625 954 1689 de
968 1642 1106 1688 murrata
1118 1625 1219 1689 linata
1234 1627 1328 1711 pretii
1340 1650 1401 1692 va.
1453 1630 1505 1695 Et

285 1729 325 1794 de
339 1754 402 1796 nna
415 1729 615 1816 supertunica
628 1751 702 1793 cum
716 1728 843 1814 caputio
858 1727 898 1791 de
913 1727 1046 1791 Russetn
1070 1726 1110 1790 de
1134 1726 1257 1812 Dowey
1276 1727 1401 1794 sumta
1414 1753 1500 1797 cum

285 1832 415 1897 minutis
429 1831 523 1896 variis
537 1830 632 1918 pretii
645 1829 702 1915 xiij
716 1853 741 1894 a.
755 1830 789 1893 iv
800 1829 833 1892 d.
878 1828 921 1892 Et
932 1826 972 1892 de
986 1827 1109 1892 duabus
1122 1828 1333 1914 aupertnnicia
1345 1830 1391 1895 de
1407 1832 1501 1898 Run-

282 1946 349 1997 aeto
362 1933 402 1998 de
418 1933 540 2018 Dowey
555 1933 622 1997 sine
635 1932 763 2018 cuputio
776 1952 908 2017 quarum
923 1952 986 1992 una
1009 1929 1126 1993 furrata
1147 1930 1188 1994 de
1210 1930 1297 2016 griso
1321 1944 1353 1994 et
1366 1932 1435 1997 alin
1449 1934 1498 2000 de

280 2058 387 2120 grooeo
399 2036 486 2099 vario
501 2035 593 2121 pretii
607 2056 678 2097 m
687 2056 711 2095 s.
756 2031 799 2095 Et
814 2031 854 2095 de
868 2053 932 2093 una
945 2031 1146 2116 aupertunica
1164 2054 1239 2095 cum
1250 2030 1373 2095 duobus
1387 2056 1495 2120 capu·

284 2136 336 2198 tiis
350 2136 390 2199 de
405 2137 538 2199 Rusaeto
553 2135 593 2198 de
616 2133 737 2217 Dowey
763 2132 879 2195 fiarrata
904 2131 945 2195 de
968 2131 1053 2217 griso
1078 2131 1173 2217 pretii
1195 2155 1219 2195 x
1229 2155 1255 2195 s.
1298 2132 1343 2196 Et
1362 2133 1407 2198 de
1422 2159 1496 2201 uno

284 2236 410 2319 caputio
424 2235 565 2318 ejusdem
579 2233 676 2318 panni
691 2233 808 2296 furrato
822 2256 896 2297 cnm
910 2233 1040 2296 minutis
1054 2234 1150 2297 variis
1163 2234 1259 2318 pretii
1274 2234 1308 2318 iij
1317 2257 1342 2298 a
1388 2235 1437 2301 Et
1447 2238 1494 2304 de

285 2358 349 2399 una
363 2336 469 2399 tunice
479 2348 512 2398 et
526 2334 675 2397 mantello
689 2333 729 2397 de
745 2334 893 2420 Cendryn
908 2335 1025 2399 furrata
1039 2358 1111 2399 cum
1127 2335 1262 2421 pellibus
1274 2336 1401 2422 agninis
1411 2361 1493 2404 cum

285 2435 413 2519 caputio
426 2434 544 2498 surrato
558 2434 598 2498 de
612 2434 742 2497 minutis
759 2434 849 2498 variis
862 2436 953 2520 pretii
968 2459 1047 2499 ιιι.
1093 2436 1136 2500 Et
1149 2437 1189 2500 de
1204 2460 1269 2500 nna
1289 2460 1366 2522 capa
1379 2438 1493 2506 claust

286 2534 326 2599 de
341 2536 473 2600 burneto
488 2537 605 2600 fimata
630 2558 703 2599 cum
729 2535 901 2623 Strenlyng
923 2537 1016 2623 pretii
1039 2539 1117 2620 xxvj
1127 2561 1152 2601 a.
1166 2538 1222 2622 viij
1234 2537 1265 2602 d.
1310 2538 1353 2601 Et
1367 2538 1409 2603 de
1425 2566 1495 2607 una

284 2637 370 2701 cloca
384 2660 456 2701 cum
471 2638 596 2722 caputio
621 2637 737 2702 furrata
751 2639 792 2704 de
805 2662 912 2725 gnosso
927 2639 1014 2702 vario
1037 2639 1130 2723 pretii
1152 2640 1226 2722 ij.
1239 2640 1295 2725 viij
1308 2641 1338 2704 d.
1384 2642 1432 2707 Et
1447 2645 1492 2711 de

285 2739 348 2803 alin
361 2739 446 2804 cioca
459 2740 588 2826 antiqua
602 2741 643 2805 de
658 2741 765 2805 blueto
779 2741 897 2804 fiarratu
911 2764 983 2804 cum
998 2740 1080 2804 bisso
1095 2741 1187 2827 pretii
1211 2765 1232 2803 ι·
1241 2764 1264 2804 a.
1280 2741 1393 2828 legata.
1445 2747 1496 2812 Et

285 2843 395 2906 dees.
410 2843 450 2906 de
464 2843 564 2909 tribua
588 2843 719 2906 furfuris
745 2843 835 2906 novis
853 2842 893 2906 ad
919 2842 1131 2927 supertunicas
1145 2855 1178 2905 et
1192 2866 1256 2906 una
1271 2844 1386 2929 penula
1399 2869 1492 2914 nova

284 2944 324 3007 ad
339 2943 522 3007 mantellum
537 2959 570 3008 et
584 2945 707 3008 duobus
720 2945 854 3030 caputiis
868 2944 908 3008 de
922 2944 1052 3007 minutis
1067 2944 1160 3008 variis
1174 2945 1319 3009 venditis.

978 3045 1107 3109 Summa
1121 3047 1224 3109 xxxiv
1239 3047 1273 3110 li.
1289 3047 1311 3132 ij
1323 3070 1349 3112 a.
1362 3048 1395 3131 vj
1406 3048 1441 3113 d.

329 3247 431 3312 Itt'nu.
478 3246 516 3310 In
532 3246 714 3311 venditione
728 3247 794 3332 le.
809 3248 901 3311 xiva.
946 3250 989 3313 Et
1011 3250 1044 3312 in
1067 3250 1179 3336 legatis
1203 3251 1267 3315 duo
1290 3250 1423 3336 Ceparia
1446 3268 1490 3321 ut

283 3372 369 3444 patet
383 3358 533 3445 nuperius.
578 3355 698 3421 Caetera
720 3356 826 3420 omnia
847 3357 881 3419 in
907 3358 1054 3442 proximo
1083 3359 1208 3444 panello
1231 3372 1378 3424 contenta
1404 3360 1488 3427 libe-

284 3474 392 3524 rantur
416 3483 458 3525 ex
480 3461 585 3547 legato
608 3458 691 3523 facto
714 3457 841 3522 domine
867 3459 973 3544 Amye
1001 3460 1094 3522 uxori
1118 3459 1239 3523 domini
1263 3460 1413 3547 Stephani
1438 3461 1484 3528 de

285 3558 481 3625 Gravescnde
495 3559 615 3636 militis,
632 3559 734 3622 fratris
747 3558 899 3634 defuncti,
915 3572 948 3623 et
962 3558 1085 3624 filiabus
1106 3560 1172 3624 auis
1188 3574 1223 3623 ut
1238 3575 1323 3645 patet
1338 3561 1371 3623 in
1387 3574 1485 3626 testa-

284 3672 402 3736 mento,
417 3661 502 3725 unde
516 3685 637 3726 summa
654 3661 687 3723 in
703 3661 884 3725 venditione
899 3661 939 3724 de
964 3685 1026 3747 qun
1048 3676 1217 3725 onerantur
1239 3676 1419 3727 executores
1434 3679 1486 3729 eat

283 3760 365 3823 xlii.
381 3760 472 3825 xiva.
518 3763 561 3826 Et
575 3785 697 3826 summa
711 3763 910 3826 denariorum
926 3763 965 3828 de
983 3764 1114 3850 panellia
1136 3765 1281 3827 robarum
1303 3764 1480 3849 legatorum

282 3875 319 3926 ut
338 3861 479 3947 superius
493 3876 579 3946 patet
592 3863 661 3946 xxij
672 3864 705 3926 li.
721 3863 776 3946 viij
788 3887 811 3926 s.
826 3865 858 3947 xj
872 3865 903 3928 d.
957 3864 1000 3929 Et
1024 3865 1068 3930 sic
1087 3864 1205 3930 habent
1226 3877 1406 3930 executores
1431 3889 1479 3932 re-

282 3962 434 4051 spondere
445 3962 484 4025 de
498 3963 531 4046 xj
541 3963 576 4027 li.
590 3962 681 4027 xiva.
