3600 4836
353 471 396 530 44
644 485 815 533 accounr
831 485 877 532 or
894 485 969 530 nnn
986 483 1201 532 nxnourons
1217 483 1264 530 on

356 637 559 724 Ayllesbeare
582 640 748 726 capellanis
771 661 828 725 pro
852 639 873 723 ij
896 639 1082 704 annualibus
1103 636 1295 703 celebrandis
1310 635 1394 722 apud
1410 633 1554 700 Criditou

355 750 387 803 et
409 738 489 805 Clist
509 741 561 824 cvj
576 764 599 805 s.
616 742 670 826 viij
683 743 753 806 den.
799 742 880 806 Item
906 741 947 806 ad
969 740 1232 806 constructionem
1256 738 1418 823 cujusdam
1439 737 1555 824 guterii

356 840 432 906 facti
461 841 495 905 in
525 843 628 908 clauso
660 844 783 909 Exonie
809 843 864 926 viij
878 842 910 907 li.
938 843 997 927 ijs.
1022 843 1054 926 vj
1067 843 1099 907 d.
1125 843 1175 907 ob.
1221 841 1302 906 Item
1332 841 1372 904 ad
1401 840 1555 927 picturam

355 944 473 1030 capelle
495 946 585 1011 beate
613 945 712 1010 Mario
736 949 770 1009 in
796 944 924 1010 ecclesia
947 945 1031 1009 beati
1057 943 1142 1008 Petri
1168 943 1292 1007 Exonie
1314 942 1370 1025 xiij
1382 964 1406 1005 s.
1426 940 1471 1024 iiij
1483 940 1555 1005 den.

356 1045 438 1111 Item
465 1049 506 1112 ad
531 1047 782 1112 emendationem
810 1046 916 1132 pontis
943 1045 982 1110 de
1006 1045 1109 1132 Teign
1136 1047 1230 1130 juxta
1256 1042 1464 1130 Chuddelegh
1490 1041 1555 1105 xli.

357 1147 438 1213 Item
463 1150 502 1214 ad
527 1151 778 1215 emendationem
807 1148 917 1214 caloeti
942 1149 1061 1214 ibidem
1085 1149 1132 1212 ls.
1178 1149 1259 1212 Item
1284 1147 1434 1212 Alienore
1464 1146 1557 1210 uxori

357 1248 480 1314 Thome
504 1252 615 1316 Trivet
636 1253 670 1315 in
692 1252 883 1316 relaxatione
902 1250 1001 1315 debiti
1016 1251 1064 1315 sui
1079 1274 1141 1336 quo
1156 1251 1321 1315 tenebatur
1336 1249 1474 1314 Domino
1489 1249 1523 1312 xl
1532 1272 1555 1312 s.

355 1349 437 1414 Item
452 1351 485 1414 in
496 1353 510 1435 j
524 1376 607 1417 novo
622 1354 739 1418 calceto
754 1353 896 1418 faciendo
918 1352 1001 1417 inter
1021 1352 1178 1439 Alfynton
1194 1364 1226 1417 et
1242 1352 1399 1416 Exoniam
1415 1352 1436 1435 lj
1449 1352 1482 1414 li.
1499 1351 1520 1435 ij
1532 1373 1556 1415 s.

356 1454 389 1537 xj
403 1454 434 1517 d.
450 1455 501 1528 ob.
516 1479 569 1541 qu.
850 1455 979 1519 Summa
994 1455 1082 1537 ccxlj
1096 1454 1129 1517 li.
1143 1454 1210 1538 xvij
1224 1477 1248 1519 s.
1262 1455 1292 1538 vj
1307 1455 1377 1518 den.
1394 1453 1444 1518 ob.
1460 1477 1511 1540 qu.

402 1656 484 1722 Item
509 1658 613 1724 Alicio
641 1659 680 1722 de
709 1657 888 1723 Somerford
911 1657 965 1741 viij
980 1658 1012 1721 li.
1059 1657 1140 1723 Item
1167 1657 1289 1723 Thcme
1314 1658 1353 1723 de
1380 1657 1559 1723 Somerford

355 1760 390 1824 xl
402 1784 426 1824 s.
471 1760 553 1826 Item
570 1760 692 1825 Mariae
708 1760 747 1825 de
763 1759 990 1843 Wcrthevjli.
1005 1759 1062 1842 xiij
1076 1782 1101 1824 s.
1116 1760 1162 1844 iiij
1176 1760 1206 1823 d.
1256 1760 1336 1824 Item
1359 1758 1502 1824 dohanni
1520 1758 1559 1823 de

357 1865 581 1931 Nutheravene
602 1865 638 1928 xl
648 1886 672 1930 s.
720 1864 801 1927 Item
828 1863 966 1927 Domino
992 1862 1128 1928 Radulfo
1155 1863 1271 1926 vicario
1299 1862 1338 1927 de
1365 1861 1559 1946 Henstrigge

355 1969 414 2052 xiij
428 1991 451 2033 s.
467 1968 512 2051 iiij
525 1968 557 2032 d.
604 1967 684 2031 Item
708 1965 834 2031 cuidam
858 1966 1018 2051 capellano
1042 1964 1082 2029 de
1108 1964 1279 2030 Littleham
1302 1974 1482 2028 vatatam
1504 1984 1560 2049 per

356 2093 468 2134 manus
484 2068 711 2134 Archidiaconi
728 2067 896 2132 Wellensis
911 2091 967 2154 per
981 2067 1226 2156 assignacionem
1243 2053 1458 2132 executorum.

403 2272 578 2335 Expertes
601 2289 673 2334 ano
694 2287 862 2333 capranna
878 2289 927 2335 nn
946 2271 1062 2336 Cursr.
1109 2270 1211 2334 Iidem
1234 2282 1418 2358 computant
1441 2272 1474 2335 in
1498 2269 1561 2336 fine

359 2373 442 2437 facta
458 2374 491 2436 in
508 2372 604 2438 Curia
620 2370 750 2434 Domini
767 2370 864 2458 Regis
877 2394 935 2457 pro
945 2372 959 2456 j
977 2393 1047 2435 acra
1069 2381 1149 2436 terre
1172 2372 1206 2434 in
1232 2371 1311 2436 Clist
1334 2371 1561 2457 approprianda

359 2497 441 2538 nove
457 2473 575 2560 capelle
593 2472 701 2537 Sancti
718 2472 871 2537 Gabrielis
890 2472 1008 2537 ibidem
1026 2484 1203 2537 constructe
1217 2495 1274 2558 pro
1289 2472 1393 2536 anima
1408 2474 1563 2537 testatoris

358 2577 390 2661 vj
405 2599 427 2640 s.
443 2576 500 2662 viij
515 2575 586 2640 den.
633 2574 671 2638 In
693 2573 852 2639 solucione
867 2574 948 2639 facta
963 2597 1021 2660 pro
1036 2586 1121 2639 carta
1137 2573 1268 2638 Domini
1284 2574 1380 2661 Regis
1394 2597 1487 2660 super
1501 2575 1561 2640 hoc

358 2678 503 2742 habenda
518 2677 597 2761 xxiij
609 2700 632 2741 s.
680 2676 760 2743 Item
785 2676 923 2742 Domino
949 2676 1052 2741 Priori
1076 2676 1115 2740 de
1140 2675 1328 2741 Motesfonte
1351 2700 1408 2763 pro
1430 2677 1562 2743 advoca-

360 2780 447 2846 tione
461 2780 589 2846 ecclesie
607 2780 716 2844 Sancti
732 2779 852 2844 Melani
867 2779 901 2842 in
917 2778 1077 2844 Comubia
1096 2777 1242 2844 habenda
1263 2778 1304 2843 ad
1325 2801 1399 2843 usus
1420 2780 1465 2862 xij
1487 2804 1562 2866 pau·

360 2908 471 2971 perum
487 2896 519 2949 et
534 2883 684 2947 debilium
701 2883 933 2969 capellanorum
956 2881 1111 2946 celebrare
1135 2904 1200 2945 non
1223 2880 1397 2946 valencium
1422 2881 1456 2944 in
1479 2881 1563 2945 dicta

360 2987 479 3072 capella
494 3009 564 3049 xxx
573 2986 607 3049 li.
654 2985 735 3049 Item
751 2984 786 3048 in
801 2982 864 3048 line
879 2983 960 3047 facta
975 2983 1008 3046 in
1025 2983 1120 3048 Curia
1136 2982 1266 3047 Domini
1282 2982 1378 3068 Regis
1400 3006 1456 3069 pro
1480 2982 1564 3047 dicta

361 3087 565 3152 advocatione
580 3086 809 3173 approprianda
823 3109 869 3149 xx
880 3086 912 3149 li.
928 3096 960 3150 et
974 3110 1030 3171 pro
1046 3109 1121 3150 auro
1143 3085 1265 3171 Regina
1287 3109 1344 3172 pro
1366 3087 1475 3152 eodem
1495 3087 1530 3151 xl
1540 3110 1563 3150 s.

363 3188 445 3253 Item
469 3211 525 3275 pro
550 3201 634 3252 carta
660 3187 790 3251 Domini
814 3186 912 3273 Regis
934 3210 1026 3274 super
1039 3188 1101 3252 hoc
1115 3188 1259 3252 habenda
1273 3189 1352 3272 xxiij
1365 3213 1388 3252 s.
1434 3189 1514 3254 Item
1531 3191 1563 3254 in

362 3290 497 3377 quodam
521 3289 610 3355 brevi
635 3289 731 3375 Regis
753 3289 921 3375 impetrato
941 3291 1149 3355 escaetoribus
1169 3290 1327 3355 Cornubie
1342 3314 1398 3378 pro
1414 3292 1497 3357 dicta
1512 3317 1565 3380 ap·

362 3392 574 3479 propriatione
590 3392 620 3474 vj
635 3390 705 3455 den.
752 3390 832 3455 Item
856 3391 890 3454 in
913 3392 1071 3457 solucione
1086 3392 1225 3457 Domino
1248 3392 1396 3459 Michaeli
1418 3396 1447 3460 le
1471 3396 1566 3482 Petyt

362 3495 457 3559 militi
478 3518 535 3581 pro
559 3495 665 3581 quieta
688 3493 858 3558 clamancia
880 3518 935 3559 sua
958 3495 997 3560 de
1019 3496 1128 3561 eadem
1152 3496 1356 3564 advocatione
1378 3499 1409 3583 vj
1423 3499 1456 3563 li.
1473 3499 1530 3581 xiij
1542 3521 1565 3562 s.

363 3595 408 3679 iiij
422 3595 454 3658 d.
494 3597 575 3661 Item
590 3596 624 3659 in
639 3595 794 3660 solutione
810 3595 934 3660 cuidam
949 3597 1090 3682 garcioni
1106 3597 1249 3683 querenti
1264 3611 1416 3664 rectorem
1438 3599 1566 3664 ecclesie

363 3695 403 3760 de
419 3695 584 3783 Westlegh
607 3720 667 3784 que
690 3697 817 3784 quidem
841 3698 969 3764 ecclesia
991 3700 1209 3787 appropriatur
1229 3699 1357 3765 Decano
1372 3716 1404 3766 et
1420 3701 1566 3787 Capitulo

365 3797 489 3862 Exonie
529 3822 586 3883 pro
628 3799 856 3865 sustentacione
894 3800 1046 3866 debilium
1084 3802 1317 3889 capellanorum
1353 3800 1565 3888 predictorum

362 3900 395 3983 iij
407 3901 478 3964 den.
525 3901 603 3964 Item
619 3902 774 3989 stipendio
790 3902 945 3968 Willelmi
962 3902 1103 3990 Capcron
1119 3904 1282 3969 scribentis
1291 3915 1324 3968 et
1332 3902 1566 3967 transcribentis

363 4003 632 4091 appropriaciones
659 4005 857 4070 ecclesiarum
886 4004 993 4071 Sancti
1021 4005 1140 4071 Melani
1164 4019 1196 4070 et
1219 4003 1386 4090 Westlegh
1413 4004 1446 4087 iij
1458 4026 1481 4068 s.
1528 4005 1565 4068 ln
