3562 4822
282 457 325 518 60
572 465 743 515 acconsr
759 468 805 515 or
821 468 895 513 rna
912 465 1129 515 sxncurons
1145 467 1191 515 or

284 639 402 726 viginti
418 649 450 702 et
465 647 536 702 octo
547 637 676 713 balistis,
688 648 816 702 centnm
832 638 987 724 quarellis,
998 661 1062 702 uno
1070 637 1228 714 heimone,
1242 647 1360 723 septem
1369 631 1498 700 bacinis

286 741 389 813 erreis,
400 763 464 804 una
473 751 546 803 tene
557 738 661 818 ferris,
672 739 893 825 septemdecim
903 739 1080 817 baudrikes‚
1090 740 1230 826 quinque
1238 738 1364 825 paribus
1372 759 1498 823 genua·
1511 762 1515 767 ·

285 844 378 919 lium,
390 854 460 906 octo
472 842 615 919 testariis
627 853 698 907 octo
710 845 801 927 trupp
809 864 866 926 pro
878 841 1287 927 equis‚unotestari0novo‚
1298 862 1362 903 uno
1373 837 1443 925 pari
1452 836 1498 902 de

286 948 388 1031 trap'p‚
404 945 543 1030 quinque
557 944 683 1022 aketofi,
698 955 833 1029 quatuor
846 944 975 1030 gambet
989 955 1022 1007 et
1036 943 1158 1007 duobus
1173 942 1338 1016 debilibus,
1357 963 1414 1005 sex
1434 962 1498 1025 go·

288 1050 375 1123 meli,
391 1046 513 1111 duobus
527 1047 671 1122 testaris,
681 1058 713 1110 et
727 1046 850 1110 duobus
864 1045 1064 1132 coopertoriis
1079 1045 1118 1109 de
1133 1046 1215 1110 ferro
1223 1067 1281 1131 pro
1290 1043 1387 1130 equis,
1399 1041 1497 1127 quin-
1624 1045 1627 1050 '

289 1170 351 1233 que
362 1147 539 1224 bauberkis,
549 1161 683 1234 quatuor
693 1146 844 1226 corsettis,
854 1147 976 1211 duobus
986 1149 1110 1233 gorgei‚
1119 1147 1219 1211 tribus
1235 1145 1317 1210 tenis
1332 1142 1417 1219 ferri,
1426 1164 1500 1205 uno

291 1250 358 1334 pari
374 1250 601 1313 matricularum
622 1249 802 1327 ferrearum,
818 1263 954 1335 quatuor
972 1248 1099 1334 paribus
1125 1248 1296 1334 caligarum
1312 1246 1500 1320 ferrearum,

292 1373 358 1414 uno
371 1352 440 1436 puri
454 1351 579 1430 cuissai,
595 1374 660 1415 uno
674 1350 781 1437 gladio
795 1351 888 1436 pretii
902 1352 934 1435 vj
947 1373 972 1414 s.
987 1350 1042 1434 viij
1056 1350 1088 1415 d.
1108 1350 1254 1414 venditis.

924 1452 1054 1515 Summa
1069 1450 1103 1514 in
1118 1451 1253 1516 denariis
1266 1451 1297 1534 vj
1311 1471 1334 1514 s.
1349 1447 1405 1531 viij
1416 1445 1452 1511 d.

344 1653 439 1718 hema
456 1654 613 1720 LEGATA.
659 1654 699 1719 In
714 1654 896 1719 venditione
919 1676 1001 1718 unus
1015 1653 1139 1740 gladius
1153 1651 1245 1738 pretii
1260 1652 1291 1734 vj
1303 1673 1327 1715 s.
1341 1649 1397 1733 viij
1412 1646 1448 1712 d.
1463 1658 1505 1711 ut

293 1779 397 1842 supra.
442 1756 559 1822 Caetera
579 1757 685 1820 omnia
704 1767 737 1820 et
760 1755 884 1841 singula
905 1755 1078 1820 liberantur
1101 1755 1230 1818 domino
1259 1753 1292 1817 S.
1307 1752 1346 1815 de
1362 1749 1502 1815 Graves-

294 1858 397 1923 hende
421 1857 509 1922 fratri
534 1881 684 1945 germano
708 1856 850 1922 defuncti
876 1880 918 1921 ex
936 1856 1041 1943 legato
1067 1869 1104 1920 ut
1126 1867 1214 1941 patet
1236 1855 1271 1918 in
1296 1864 1502 1931 testamento,

293 1974 420 2047 propter
435 1960 519 2046 quod
534 1961 569 2023 in
585 1959 766 2024 Inventario
781 1981 845 2021 non
861 1958 1083 2044 appretiantur.

559 2062 688 2125 Summa
703 2061 734 2144 vj
749 2083 772 2124 s.
787 2061 842 2144 viij
854 2060 886 2126 (1.
930 2060 980 2124 Ι)8
994 2061 1107 2147 quibus
1119 2060 1238 2124 habent
1256 2058 1453 2146 respondere.

339 2263 469 2327 Vruuu
494 2280 542 2325 un
568 2281 729 2328 cnnsmo
756 2263 889 2328 Ssucnr
916 2265 1043 2328 Pnunr.
1090 2263 1212 2328 Ibidem
1242 2262 1433 2349 respondent
1458 2263 1505 2330 de

295 2364 364 2427 lxvi
374 2387 397 2428 s.
412 2364 467 2447 viij
481 2364 512 2427 d.
528 2362 566 2427 de
581 2364 704 2428 duobus
719 2365 817 2429 doleis
831 2365 899 2429 vini
919 2365 1033 2430 veteris
1053 2364 1199 2429 venditis.
1244 2365 1287 2429 Et
1311 2364 1351 2429 dc
1371 2364 1506 2432 duobus

297 2465 395 2529 doleis
414 2465 483 2529 vini
506 2465 619 2529 veteris
642 2466 730 2552 quasi
753 2466 930 2551 semiplenis
953 2466 1045 2552 pretii
1068 2466 1147 2548 xxvj
1161 2488 1183 2530 s.
1200 2466 1256 2551 viij
1267 2466 1297 2529 (1.
1321 2465 1448 2530 donatis
1463 2481 1509 2534 ut

297 2566 389 2633 infra.

1032 2671 1160 2736 Summa
1176 2673 1210 2735 iv
1219 2672 1251 2735 li.
1267 2672 1323 2756 xiij
1335 2695 1358 2736 s.
1374 2671 1409 2735 iv
1420 2672 1454 2736 d.

341 2877 445 2939 Innn.
491 2875 607 2939 Petunt
621 2875 748 2938 allocsri
763 2875 822 2939 sibi
838 2876 901 2939 duo
925 2875 1009 2940 dolia
1032 2875 1100 2939 vini
1126 2876 1241 2941 veteris
1265 2875 1438 2962 semiplena
1462 2892 1508 2945 ut

296 3000 389 3063 supra
401 2977 496 3061 pretii
510 2977 587 3059 xxvj
601 2999 625 3039 s.
639 2977 696 3060 viij
708 2976 738 3039 d.
762 2977 876 3041 donata
899 2977 1024 3041 vicariis
1046 2978 1173 3042 ecclesie
1191 2979 1298 3042 Sancti
1315 2978 1405 3042 Pauli
1422 2981 1508 3067 quia

297 3079 481 3143 dicebantur
494 3077 529 3139 in
543 3089 630 3162 parte
644 3078 813 3163 corrumpi.

517 3178 647 3241 Summa
670 3179 830 3263 petitionis
853 3180 1044 3244 allocationis
1067 3181 1101 3244 in
1117 3180 1251 3245 denariis
1264 3180 1342 3265 xxvj
1353 3203 1376 3245 s
1392 3182 1452 3266 viij
1468 3184 1509 3252 d.

559 3278 602 3342 Et
616 3290 778 3343 remanent
799 3280 833 3344 in
855 3282 1036 3346 venditione
1056 3282 1122 3367 lxvj
1136 3305 1159 3345 s.
1174 3281 1229 3365 viij
1240 3282 1270 3346 d.
1317 3281 1367 3346 De
1381 3283 1509 3368 quibus

555 3379 673 3444 habent
686 3381 882 3467 respondere.

340 3585 487 3648 Dsnrra
514 3600 704 3648 nnruucrr
732 3601 882 3648 nsvarn
908 3603 980 3650 aaa
1008 3584 1263 3651 Exscuroans.
1320 3585 1423 3650 Iidem
1449 3611 1507 3656 re·

297 3685 452 3772 spondent
466 3683 505 3746 de
520 3705 544 3744 x
553 3683 587 3746 li.
602 3683 733 3769 receptis
748 3684 787 3748 ab
799 3685 1029 3751 Executoribus
1038 3687 1159 3751 domini
1175 3687 1297 3752 Thome
1322 3686 1361 3751 de
1376 3685 1507 3760 (lancia

298 3785 447 3849 defuncti.
492 3783 536 3847 Et
550 3784 589 3847 de
604 3784 661 3869 xiij
675 3785 709 3850 li.
724 3785 755 3868 vj
769 3809 792 3850 s.
807 3786 863 3870 viij
874 3787 906 3852 d.
920 3787 1051 3875 receptis
1075 3788 1114 3852 de
1139 3789 1358 3854 executoribus
1379 3793 1508 3880 magis.

297 3886 340 3950 tri
354 3883 511 3949 lobannis
526 3883 564 3947 de
582 3883 696 3949 Sancto
712 3885 805 3950 Claro
820 3887 971 3953 defuncti.

415 3985 543 4051 Summa
558 3986 637 4069 xxiij
650 3987 684 4053 li.
699 3988 731 4072 vj
745 4010 767 4052 s.
784 3989 840 4073 viij
853 3990 885 4056 (1.
930 3989 979 4056 De
993 3992 1107 4077 quibus
1121 3992 1240 4059 habent
1254 3994 1456 4081 respondere.
