3562 4822
296 442 339 502 38
578 456 748 506 acconxr
764 456 811 504 or
827 455 904 503 raa
919 454 1134 503 exscuuoas
1149 454 1197 501 or

297 608 427 673 Domini
443 610 610 675 Millesimo
626 621 726 676 cccmo
741 633 825 675 nono
840 633 895 696 per
918 610 1018 673 xxxix
1032 608 1219 693 septimanas
1233 617 1301 671 etv
1316 605 1385 670 dies
1398 605 1505 669 intes·

296 711 435 796 pellatim
464 713 541 797 vjli.
566 715 620 797 xvj
634 736 657 776 s.
682 712 727 796 iiij
739 714 811 776 den.
868 711 977 776 Preter
999 733 1118 774 moram
1145 731 1232 772 suam
1258 730 1332 771 cum
1357 704 1506 770 Domino

295 813 417 878 Thema
432 816 471 879 de
488 816 618 880 Henton
633 816 667 878 in
684 838 788 880 mensa
804 814 930 901 quando
945 813 1006 877 fuit
1021 835 1147 898 presens
1168 811 1203 874 in
1225 809 1356 875 civitate
1372 808 1506 873 Exonie

295 943 351 1006 per
365 936 487 1006 tempus
501 920 688 1007 predictum.
734 919 773 982 In
788 917 932 1004 expensis
947 916 1144 1004 quorundam
1160 928 1399 1000 procuratorum
1421 911 1505 975 mis-

293 1043 397 1085 sorum
415 1022 582 1087 Glovernie
597 1035 629 1085 et
642 1021 718 1085 alibi
732 1043 836 1085 coram
852 1020 960 1084 Priore
978 1018 1085 1084 Sancti
1101 1016 1237 1082 Oswaldi
1252 1016 1290 1079 ad
1307 1015 1502 1079 instanciam

295 1123 442 1209 Magistri
457 1124 496 1189 R.
512 1125 551 1189 de
567 1125 753 1212 Plympstok
768 1122 856 1208 xxxij
870 1146 893 1187 s.
909 1126 944 1186 ix
955 1124 985 1185 d.
1031 1121 1113 1185 Item
1129 1121 1163 1184 in
1178 1118 1321 1206 expensis
1336 1117 1504 1183 Johannis

298 1225 429 1312 Somery
443 1226 609 1291 deferentis
623 1227 741 1291 litteras
757 1225 895 1289 Domino
911 1224 1145 1288 Arclridiacono
1157 1223 1311 1287 Wellensi
1325 1244 1382 1307 pro
1397 1244 1502 1308 nego·

295 1326 348 1390 tiis
361 1329 540 1392 testamenti
561 1328 595 1412 iij
608 1351 631 1391 a.
678 1327 716 1390 In
738 1350 928 1413 pergameno
954 1340 1064 1411 empto
1084 1325 1141 1409 ijs.
1165 1325 1263 1410 viijd.
1311 1323 1351 1387 In
1375 1323 1504 1390 visibus

294 1442 510 1516 compotorum
527 1429 669 1494 Devenie
684 1442 716 1494 et
732 1428 891 1494 Comubie
907 1427 1151 1493 transcribendis
1165 1451 1221 1513 per
1230 1425 1386 1511 quendam
1403 1426 1501 1490 cleri-

294 1554 366 1596 cum
382 1543 486 1617 preter
499 1553 637 1595 mensam
655 1553 741 1595 suam
757 1553 829 1594 cum
858 1530 995 1593 Domino
1012 1529 1134 1592 Thoma
1158 1528 1198 1594 de
1223 1530 1353 1593 Henton
1378 1551 1436 1614 per
1449 1551 1501 1594 xx

293 1633 359 1698 dies
373 1656 446 1698 cum
460 1632 577 1697 nuncio
599 1632 691 1697 misso
714 1655 771 1719 pro
793 1632 903 1696 eodem
929 1632 963 1717 iij
977 1656 1000 1696 s.
1024 1634 1045 1717 ij
1057 1632 1129 1697 den.
1176 1632 1256 1696 Item
1278 1632 1312 1694 in
1332 1631 1500 1698 solucione

292 1736 373 1801 facta
388 1736 556 1822 Radulpho
577 1737 616 1801 de
634 1737 747 1801 Stokes
768 1735 896 1822 publico
919 1736 1039 1799 notario
1061 1758 1118 1821 pro
1140 1735 1349 1798 instrumento
1364 1734 1498 1819 publico

290 1839 434 1904 faciendo
447 1862 540 1926 snper
559 1839 841 1926 condempnatione
869 1837 994 1903 Girardi
1017 1837 1056 1901 de
1080 1837 1207 1922 Viglers
1228 1860 1285 1923 pro
1307 1836 1414 1901 debito
1440 1836 1499 1901 de·

291 1944 391 2009 functi
406 1956 439 2009 et
453 1966 512 2030 pro
527 1942 587 2007 alia
602 1941 886 2028 condempnatione
901 1963 994 2026 super
1015 1939 1141 2003 redditu
1156 1939 1273 2026 viginti
1287 1951 1359 2003 octo
1375 1961 1497 2003 marca·

289 2068 359 2109 rum
375 2059 408 2110 et
431 2044 538 2109 decem
565 2044 714 2108 librarum
731 2043 882 2107 solvendo
898 2041 1014 2127 capelle
1030 2042 1069 2105 de
1095 2041 1176 2105 Clist
1198 2064 1254 2127 per
1281 2041 1445 2105 Decanum
1460 2054 1497 2106 et

291 2147 473 2232 Capitulum
501 2146 624 2210 Exonie
647 2146 808 2209 annuatim
833 2146 1063 2230 imperpetuum
1089 2144 1120 2228 vj
1132 2167 1155 2207 s.
1179 2145 1235 2228 viij
1249 2143 1279 2207 d.
1325 2143 1406 2208 ltem
1432 2145 1495 2210 ‹lo-

289 2248 388 2313 hanni
403 2248 583 2332 Dyrewyne
598 2271 654 2333 pro
668 2247 811 2333 expensis
826 2260 858 2311 et
872 2246 976 2311 labore
998 2269 1054 2310 suo
1077 2270 1183 2310 versus
1206 2247 1334 2312 Curiam
1357 2246 1496 2313 Archia·

289 2349 410 2435 piscopi
426 2349 657 2413 Cantuariensis
671 2373 729 2436 pro
743 2349 859 2436 placito
874 2349 957 2414 inter
972 2348 1134 2413 Decanum
1151 2361 1183 2412 et
1206 2348 1388 2434 Capitulum
1405 2350 1493 2415 Exo-

291 2450 344 2514 nie
359 2463 391 2516 et
406 2464 586 2515 executores
601 2474 694 2538 super
708 2451 881 2516 defectibus
903 2451 1098 2538 episcopatus
1120 2475 1185 2514 xxv
1197 2474 1220 2515 s.
1266 2450 1349 2515 Item
1363 2451 1397 2514 in
1412 2476 1491 2538 quo·-

289 2552 361 2617 dam
377 2552 493 2616 nuncio
509 2552 600 2616 misso
614 2576 671 2639 pro
699 2553 852 2639 Magistro
877 2553 1007 2616 Andrea
1033 2552 1072 2617 de
1096 2553 1279 2617 Parrecome
1303 2553 1358 2639 qui
1380 2554 1494 2619 debuit

288 2654 380 2719 ivisse
394 2678 451 2741 pro
466 2654 551 2720 dicto
574 2656 702 2743 negotio
729 2655 762 2740 iij
773 2656 803 2719 d.
828 2657 878 2720 ob.
925 2656 963 2718 ln
987 2655 1143 2742 stipendio
1170 2656 1311 2720 Gerrasii
1337 2658 1491 2743 capellani

286 2779 344 2843 pro
358 2770 504 2843 compoto
519 2759 697 2822 testamenti
711 2757 947 2821 transcribendo
962 2756 1018 2840 ijs.
1065 2757 1103 2819 In
1118 2757 1140 2841 ij
1152 2757 1300 2821 brevibus
1315 2757 1411 2844 Regis
1426 2760 1490 2823 im-

286 2859 414 2944 petratis
429 2859 468 2922 de
482 2873 628 2946 compoto
643 2859 801 2925 reddendo
816 2883 908 2946 super
923 2859 1070 2924 Johanne
1086 2861 1125 2924 de
1138 2860 1270 2924 Berners
1280 2860 1314 2924 in
1327 2861 1490 2927 Cornubia

286 2975 319 3026 et
334 2962 507 3026 Hereberto
522 2962 552 3026 le
568 2962 725 3049 Messager
739 2964 773 3026 in
789 2963 933 3028 Dexonis
947 2986 971 3026 x
980 2986 1002 3025 a.
1019 2987 1041 3026 v
1053 2963 1124 3027 (len.

1003 3067 1133 3131 Summa
1148 3067 1169 3151 lj
1183 3067 1215 3130 li.
1231 3067 1276 3151 iiij
1288 3090 1311 3132 s.
1326 3067 1441 3133 ixden.

329 3268 499 3333 Exrartsx
524 3270 899 3334 ANNIVERSARIORUM.
946 3270 1047 3335 Iidem
1073 3285 1259 3358 computant
1282 3273 1316 3336 in
1340 3275 1487 3360 expensis

285 3373 374 3437 factis
389 3372 440 3436 die
455 3372 658 3436 anniversarii
675 3372 805 3436 Domini
832 3385 904 3458 post
926 3396 1044 3436 annum
1069 3375 1262 3459 completum
1287 3376 1436 3440 videlicet
1450 3378 1486 3443 in

283 3498 364 3560 pane
379 3477 454 3539 vino
469 3475 599 3539 servicia
613 3488 646 3540 et
660 3474 728 3538 aliis
742 3475 932 3540 victualibus
943 3498 999 3561 pro
1016 3476 1126 3560 majori
1137 3500 1268 3542 numero
1280 3492 1485 3544 executorum

284 3589 316 3639 et
330 3599 387 3662 pro
402 3576 470 3640 aliis
484 3577 593 3641 amicis
606 3576 868 3641 convenientibus
884 3577 1010 3642 Exonie
1031 3577 1072 3642 ud
1086 3579 1222 3645 eundem
1238 3581 1321 3644 diem
1337 3582 1446 3666 xxxvij
1461 3607 1484 3647 a.

282 3677 316 3738 ix
328 3676 399 3739 den.
446 3676 484 3740 ln
499 3700 579 3761 pane
594 3690 700 3763 empto
726 3701 782 3764 pro
807 3678 1031 3743 distribucione
1053 3680 1180 3766 parciali
1203 3682 1313 3746 eodem
1336 3683 1387 3746 die
1409 3708 1483 3748 cum

281 3799 345 3839 una
359 3776 471 3862 lagena
485 3778 613 3842 cervisie
627 3794 733 3866 empta
747 3791 779 3844 et
793 3780 866 3843 data
888 3780 1056 3866 pistoribus
1070 3796 1102 3846 et
1116 3785 1328 3868 portatoribus
1343 3786 1482 3869 ejusdem

282 3878 372 3964 panis
387 3878 419 3962 xj
433 3878 465 3941 li.
480 3900 523 3941 xv
535 3901 558 3941 s.
573 3879 595 3964 ij
609 3880 681 3944 den.
704 3881 754 3945 ob.
800 3882 838 3944 ln
860 3882 950 3945 obitu
973 3882 1204 3948 Canonicorum
1229 3885 1428 3951 Vicariorurn
1450 3901 1484 3952 et

282 3981 415 4047 aliorum
438 3980 651 4047 ministrorum
672 3982 800 4048 ecclesie
823 3982 1012 4049 Exoniensis
1033 3986 1143 4052 eodem
1165 3986 1217 4051 die
1238 3986 1318 4052 lxxv
1330 4012 1354 4053 s.
1368 3988 1484 4055 ixden.
