3562 4822
309 477 329 534 8
579 487 748 538 decom
762 488 811 536 0!
827 487 903 534 rm:
921 485 1137 534 EXEOE'I'OB!
1150 485 1199 533 0!

331 642 600 707 Bmumu.
644 642 747 708 Iidem
768 641 958 729 respondent
972 641 1013 705 de
1027 640 1117 724 rijli.
1130 662 1191 704 xa.
1204 638 1246 703 de
1260 638 1359 724 pisis,
1377 639 1471 704 subin
1492 651 1530 703 et

287 766 387 809 trena
408 746 442 810 in
458 744 597 832 Grangia
611 746 819 810 existentrbus
832 744 978 808 venditis.
1024 743 1067 808 Et
1081 743 1123 807 de
1136 744 1206 827 xjs.
1220 741 1280 826 viij
1294 741 1331 804 d
1347 742 1399 806 de
1415 743 1531 808 tubus

286 850 450 935 quarteriis
470 864 503 914 et
524 849 658 914 dimidio
678 848 767 913 ordei
787 849 828 912 de
848 847 993 934 granario
1013 847 1161 923 venditis,
1182 845 1330 931 pretium
1354 847 1531 934 quarterii

286 973 321 1035 ¹¹]
333 974 357 1015 ⁸·
372 975 408 1015 w
417 951 451 1017 d·
538 1054 669 1117 Summa
681 1051 738 1137 viij
748 1052 783 1115 li.
796 1051 884 1116 xxd.
927 1051 978 1115 De
991 1051 1106 1138 quibua
1118 1050 1237 1115 habeut
1250 1051 1480 1136 respondere.

334 1256 522 1323 Stautttx.
570 1257 669 1322 Iidem
691 1257 880 1344 respondent
901 1256 942 1320 de
963 1257 996 1320 ir
1007 1258 1041 1319 li.
1055 1279 1135 1320 xrs.
1149 1255 1190 1318 de
1210 1257 1468 1344 quaterviginti
1491 1272 1528 1324 et

289 1357 469 1443 quindecim
484 1359 678 1423 multonibur
692 1359 839 1436 venditis,
853 1359 989 1444 pretium
1004 1359 1115 1444 capitis
1128 1360 1175 1442 xij
1187 1358 1219 1421 d.
1243 1356 1288 1421 Et
1303 1358 1350 1423 de
1370 1384 1398 1424 v
1408 1385 1439 1426 a.
1455 1385 1481 1425 v
1490 1362 1527 1426 d.

290 1458 330 1522 de
344 1459 507 1524 tresdecim
519 1461 672 1546 hogaatria
682 1460 829 1536 venditis,
844 1462 982 1547 pretium
993 1462 1104 1547 capitis
1117 1484 1141 1524 r
1149 1461 1181 1524 d.
1205 1459 1287 1523 Item
1304 1465 1524 1548 respondent

290 1561 330 1626 de
354 1563 466 1626 mli.
481 1563 522 1628 de
543 1587 599 1627 sex
619 1563 715 1626 auceia
737 1563 807 1626 lane
828 1562 868 1626 de
889 1563 1034 1625 omnibus
1055 1562 1236 1627 bidentibus
1258 1564 1417 1631 venditis
1440 1582 1522 1655 pont

289 1665 464 1730 tonsionem
480 1690 537 1752 per
550 1680 652 1729 totum
671 1664 906 1751 Epiaoopatum.

521 1768 652 1833 Summa
666 1790 757 1830 mv
768 1767 804 1832 li.
817 1791 839 1830 v
849 1766 883 1830 d.
927 1765 978 1829 De
992 1766 1106 1852 quibus
1119 1766 1237 1829 habent
1249 1768 1472 1852 respondere.

332 1974 567 2040 Frrtcnnsun.
613 1973 713 2037 Iidem
735 1969 925 2058 respondent
942 1969 982 2033 de
1007 1993 1066 2034 ιι.
1080 1968 1121 2033 de
1142 1968 1268 2055 siligine
1288 1971 1455 2038 estimato
1478 1976 1516 2040 in

289 2077 427 2164 Grangia
444 2077 485 2140 ad
506 2092 568 2140 tres
589 2075 745 2162 quarteria
766 2096 823 2160 per
844 2074 979 2158 pretium
1001 2072 1151 2158 quarterii
1173 2072 1207 2156 iij
1219 2094 1244 2134 a.
1259 2071 1293 2134 ir
1301 2071 1337 2135 d.
1352 2076 1516 2143 vendito.

288 2178 332 2242 Et
346 2178 386 2242 de
400 2178 464 2242 xd.
478 2177 518 2241 de
533 2177 655 2241 duobus
669 2176 809 2241 busaellir
823 2175 910 2239 ordei
924 2175 1061 2238 inventia
1074 2174 1204 2239 ibidem.
1246 2173 1289 2238 Et
1310 2175 1355 2241 de
1370 2177 1448 2244 iva.
1466 2182 1513 2248 de

286 2279 410 2342 duobus
424 2279 587 2364 quarteriis
602 2279 741 2341 fabarum
757 2277 904 2341 venditis.
949 2276 992 2340 Et
1014 2277 1053 2340 de
1074 2278 1131 2360 viij
1144 2300 1168 2340 s.
1183 2277 1222 2339 de
1239 2277 1315 2363 pisis
1338 2292 1373 2343 et
1395 2285 1511 2350 vesnia

284 2380 432 2456 inventia,
451 2379 483 2442 in
500 2378 638 2465 Grangia
651 2379 692 2443 ad
705 2379 933 2443 estimationem
948 2392 1082 2465 quatuor
1095 2379 1335 2465 quarteriorum,
1351 2383 1506 2467 pretium

285 2483 433 2571 quartarii
458 2483 514 2566 ijs.
537 2481 685 2544 venditis.
739 2481 781 2544 Et
804 2481 844 2545 de
872 2482 953 2565 lvja.
975 2480 1072 2565 viijd.
1097 2481 1137 2545 de
1160 2503 1260 2544 avena
1281 2482 1436 2548 eatimata
1469 2487 1507 2551 in

283 2585 415 2673 grangia
436 2584 554 2648 ibidem
583 2583 622 2647 ad
652 2582 783 2669 triginta
803 2597 835 2646 et
857 2598 992 2670 quatuor
1011 2584 1167 2669 quarteria
1188 2582 1328 2662 vendita,
1352 2588 1504 2671 pretium

285 2688 432 2775 quartarii
446 2710 492 2751 xx
503 2686 535 2750 d.
581 2685 625 2750 Et
638 2685 678 2749 de
693 2686 750 2770 xiij
763 2708 785 2749 a
802 2686 835 2749 iv
844 2685 877 2750 d.
892 2685 932 2749 de
946 2684 1094 2749 stramine
1108 2699 1141 2749 et
1155 2685 1244 2772 palea
1258 2686 1409 2754 venditis.

516 2788 647 2853 Summa
661 2787 694 2850 iv
706 2787 740 2852 li.
754 2789 800 2872 xij
814 2811 837 2851 a.
853 2811 877 2850 x
889 2787 921 2851 d.
966 2787 1016 2851 De
1029 2787 1144 2873 quibus
1157 2788 1275 2853 habent
1288 2792 1500 2876 respondere.

328 2991 552 3055 Dionnum.
598 2989 701 3053 Iidem
716 2989 905 3077 respondent
921 2989 960 3053 de
975 2990 1020 3074 vij
1029 2990 1064 3054 li.
1078 2991 1144 3074 vjs.
1159 2992 1215 3075 viij
1226 2992 1257 3056 d.
1269 2992 1309 3057 de
1322 2998 1500 3082 arreragiis

284 3093 372 3157 firme
396 3092 526 3155 manerii
551 3091 591 3155 de
614 3092 798 3178 Dagenham
821 3092 954 3178 receptis
978 3092 1018 3156 de
1040 3091 1177 3156 firmario
1199 3093 1326 3158 ibidem.
1382 3096 1430 3161 Et
1453 3101 1500 3167 de

282 3196 352 3260 xla.
366 3195 406 3259 de
421 3209 554 3281 quatuor
568 3193 671 3257 stottia
685 3194 830 3270 venditis,
847 3195 983 3279 pretium
1003 3195 1113 3280 eapitis
1127 3219 1182 3260 xa.
1217 3197 1260 3261 Et
1275 3197 1314 3261 de
1328 3220 1435 3264 xxxa.
1454 3203 1499 3269 de

282 3299 382 3363 tribua
396 3298 496 3361 bobus
510 3295 628 3359 ibidem
643 3295 790 3374 venditio,
803 3297 938 3382 pretium
959 3297 1070 3383 capitis
1091 3320 1150 3362 xs.
1195 3298 1237 3362 Et
1259 3299 1298 3363 de
1320 3301 1352 3384 vj
1363 3301 1398 3365 li.
1420 3306 1497 3390 vjs.

283 3401 338 3484 viij
349 3400 379 3464 d.
395 3400 435 3464 de
457 3397 682 3486 quaterviginti
706 3411 738 3462 et
763 3397 943 3484 quindecim
966 3399 1159 3463 multonibua
1179 3400 1325 3480 venditis,
1348 3404 1497 3488 pretium

281 3504 391 3591 capitia
405 3502 460 3586 xvj
473 3502 503 3565 d.
549 3501 593 3565 Et
604 3500 643 3565 de
657 3500 703 3584 xij
716 3501 746 3564 d.
762 3501 801 3565 de
816 3515 949 3587 quatuor
963 3502 1049 3565 aucis
1063 3502 1210 3580 venditis,
1225 3503 1361 3588 pretium
1375 3507 1499 3595 eapitis

282 3606 317 3687 iij
330 3605 360 3669 d.
409 3604 450 3667 Et
471 3603 511 3667 de
532 3624 644 3665 novem
668 3601 803 3666 denariis
826 3602 865 3666 de
880 3625 944 3666 uno
958 3603 1042 3689 gallo
1064 3616 1096 3669 et
1117 3603 1257 3691 quinque
1270 3604 1398 3691 gallinis
1412 3632 1496 3676 ven·

283 3706 368 3783 ditia,
384 3704 518 3791 pretium
536 3702 646 3791 capitia
656 3704 670 3788 j
685 3704 717 3768 d.
732 3704 773 3768 ob

1039 3807 1169 3873 Summa
1184 3808 1250 3892 xvij
1262 3808 1296 3872 li.
1311 3832 1331 3870 v
1346 3833 1370 3874 a.
1382 3810 1398 3895 j
1411 3813 1445 3877 d.

330 4009 433 4075 lm.
480 4007 596 4073 Petunt
609 4009 668 4074 eibi
683 4010 807 4075 allocari
824 4010 879 4095 ciij
890 4034 914 4075 a.
931 4010 986 4095 viij
997 4010 1027 4074 d.
1040 4010 1079 4074 de
1097 4011 1211 4075 Stauro
1225 4026 1257 4076 et
1272 4013 1362 4078 bonis
1376 4038 1494 4104 supra.
