3562 4822
357 465 401 523 20
654 477 823 526 accounr
838 478 884 525 or
900 477 976 523 rus
992 475 1204 525 sxscu'rons
1219 474 1266 523 or

402 631 504 696 iidem
527 632 716 718 respondent
737 632 776 697 de
791 632 822 716 vj
833 632 868 698 li.
882 655 929 696 xx
949 632 1022 696 den.
1037 632 1088 697 ob.
1103 654 1156 718 qu.
1179 630 1310 717 receptis
1332 629 1371 694 de
1393 626 1556 714 prepositis

357 733 608 819 supradictorum
632 734 842 799 maneriorum
870 732 1017 798 videlicet
1041 733 1176 810 Tanton,
1201 732 1373 819 Nymeton‚
1399 729 1554 807 Criditon,

359 835 577 923 Chuddelegh,
595 837 765 923 Teington,
783 836 949 923 Peyngton
964 859 1021 922 pro
1030 835 1123 900 blado
1138 834 1254 899 eisdem
1269 834 1400 898 liberato
1416 844 1556 918 tempore

356 939 527 1003 vacationis
541 952 573 1003 et
588 963 652 1002 non
667 962 813 1026 expenso.
844 939 888 1002 Et
902 939 941 1003 de
956 938 1018 1004 oli.
1033 937 1164 1024 receptis
1172 960 1229 1024 pro
1238 936 1331 1001 blado
1343 935 1475 1022 pecunia
1484 934 1555 997 feno

356 1041 503 1105 stramine
512 1054 545 1106 et
554 1042 645 1106 rebus
653 1042 722 1106 aliis
732 1039 1114 1128 captisdebonisdefuncti
1123 1052 1263 1125 tempore
1271 1038 1366 1124 Regis
1375 1049 1407 1103 et
1416 1049 1556 1121 tempore

355 1144 447 1208 electi
462 1157 532 1231 post
545 1143 816 1209 confirmacionem
832 1167 920 1208 suam
942 1156 974 1209 et
995 1167 1051 1230 pro
1073 1143 1258 1230 quibusdam
1280 1144 1372 1207 rebus
1395 1163 1556 1206 remanen-

357 1244 441 1309 tibus
456 1246 598 1311 debonis
613 1247 752 1330 ejusdem
775 1270 830 1334 per
845 1247 982 1311 maneria
1003 1247 1197 1333 episcopatus
1218 1245 1392 1311 vendendis
1413 1244 1465 1309 die
1488 1242 1555 1307 Cir·

357 1347 554 1412 cumsicionis
570 1347 701 1412 Domini
715 1372 798 1413 anno
812 1349 952 1434 ejusdem
968 1349 1093 1414 M⁰ccc.
1109 1359 1230 1414 octavo.

982 1452 1113 1517 Summa
1129 1452 1183 1535 cvj
1197 1451 1230 1514 li.
1246 1475 1292 1515 xx
1302 1452 1373 1515 den.
1390 1451 1441 1516 ob.
1456 1473 1508 1537 qu.

399 1652 524 1718 “Iidem
542 1655 731 1741 respondent
746 1654 785 1720 de
798 1654 974 1740 M¹ciiij¹¹ix
985 1655 1019 1718 li.
1042 1657 1096 1739 xvj
1110 1678 1133 1720 s.
1149 1655 1182 1718 ix
1193 1655 1264 1719 den.
1280 1656 1329 1719 ob.
1346 1679 1405 1740 qu·
1421 1653 1460 1717 de
1475 1676 1555 1716 arre-

354 1755 449 1842 ragiis
464 1756 569 1820 ultimi
584 1757 722 1844 compoti
738 1757 869 1822 Domini
883 1757 1006 1822 Thome
1021 1757 1060 1822 de
1076 1757 1232 1844 Harpetre
1247 1757 1414 1843 receptoris
1426 1755 1556 1820 Domini

353 1860 387 1924 iu
403 1862 558 1926 curiosus
575 1861 710 1927 Exonie.

814 1962 944 2027 Summa
959 1961 1135 2046 Micffijnix
1145 1962 1170 2025 li
1194 1962 1249 2046 xvj
1263 1986 1286 2026 s.
1300 1961 1335 2025 ix
1348 1962 1377 2025 d.
1393 1961 1443 2025 ob.
1458 1983 1511 2046 qu.

400 2062 496 2128 Unde
525 2064 560 2127 in
590 2065 734 2129 manibus
764 2064 940 2129 debitorum
971 2087 1011 2129 ex
1041 2065 1224 2129 acoinodato
1250 2064 1391 2143 Domini,
1409 2063 1558 2128 videlicet

357 2163 503 2249 Magistri
528 2164 651 2229 Thome
674 2166 714 2229 de
738 2165 888 2231 Cherlton
910 2167 1001 2231 xxli.
1019 2166 1163 2253 Magistri
1185 2165 1303 2253 Rogcri
1326 2167 1364 2232 dc
1387 2166 1556 2232 Cherleton

354 2266 422 2330 xli.
469 2265 600 2331 Domini
623 2267 752 2332 Andree
776 2267 901 2332 Loterel
922 2268 1032 2332 militis
1052 2268 1099 2333 ls.
1145 2268 1261 2332 Prioris
1291 2269 1459 2333 Bodminie
1488 2269 1554 2333 xli.

356 2368 501 2454 Magistri
518 2368 664 2455 Wyberti
680 2369 720 2434 de
736 2369 903 2434 Cherleton
925 2392 996 2433 xxx
1006 2370 1041 2433 li.
1086 2369 1204 2456 Rogeri
1224 2371 1263 2436 de
1278 2370 1471 2436 Wellecome
1484 2372 1516 2456 vj
1530 2395 1553 2434 s.

400 2673 501 2738 Iidem
516 2675 706 2761 respondent
726 2674 765 2740 de
788 2675 867 2738 lxxv
879 2674 911 2738 li.
938 2674 978 2739 de
1002 2672 1165 2760 arreragiis
1193 2672 1339 2760 Magistri
1359 2672 1489 2738 Walteri
1516 2675 1555 2740 de

356 2775 431 2841 Esse
455 2777 592 2842 custodis
617 2776 782 2863 peculiaris
799 2776 1026 2861 jurisdictionis
1052 2787 1084 2840 et
1105 2776 1333 2861 sequestrorum
1362 2775 1557 2862 episcopatus

356 2878 544 2944 Exoniensis
560 2903 651 2966 super
666 2880 779 2944 ultimo
795 2891 940 2966 compoto
952 2902 1018 2944 sno.
1065 2878 1108 2942 Et
1117 2878 1156 2942 de
1167 2877 1224 2961 xlij
1236 2878 1270 2941 li.
1281 2877 1303 2961 ij
1315 2901 1339 2943 s.
1350 2877 1405 2961 viij
1420 2878 1490 2942 den.
1503 2880 1554 2944 ob.

356 2980 395 3045 de
419 2981 582 3067 arreragiis
604 2981 709 3045 ultimi
731 2982 870 3068 compoti
892 2981 1023 3046 Domini
1047 2980 1175 3046 Ricardi
1197 2981 1237 3046 de
1259 2980 1436 3068 Brayelegh
1451 2982 1556 3047 clerici

356 3104 564 3169 expensarum
581 3083 694 3147 domus
710 3083 853 3150 Domini.
974 3084 1105 3149 Summa
1121 3083 1210 3169 exvij
1223 3083 1258 3149 li.
1272 3084 1295 3168 ij
1309 3107 1332 3148 s.
1347 3084 1403 3169 viij
1414 3085 1445 3149 d.
1460 3088 1511 3151 ob.

401 3285 504 3351 Iidem
535 3284 724 3372 respondent
747 3284 819 3373 [de]
844 3286 1090 3372 cciiijuxviijli.
1112 3311 1168 3352 xs.
1191 3287 1223 3371 vj
1237 3287 1308 3352 den.
1331 3286 1370 3352 de
1393 3292 1557 3378 arreragiis

358 3387 489 3452 Domini
519 3387 647 3452 Ricardi
677 3387 716 3453 de
747 3387 877 3453 Hacohe
906 3389 1045 3474 proximi
1074 3389 1179 3454 clerici
1208 3410 1414 3476 expensarum
1448 3391 1558 3457 domus

357 3489 488 3555 Domini
503 3501 576 3554 ante
591 3489 710 3555 dictum
727 3489 903 3554 Dominum
919 3490 959 3555 R.
974 3491 1014 3556 de
1030 3491 1207 3579 Brayelegh
1221 3503 1259 3555 ut
1279 3504 1367 3579 patet
1388 3493 1422 3557 in
1445 3495 1557 3560 ultimo

357 3604 503 3680 compoto
518 3592 657 3676 ejusdem
674 3592 804 3657 Domini
820 3592 947 3658 Ricardi
962 3593 1002 3658 de
1018 3593 1204 3680 Brayelegh.

917 3693 1046 3757 Summa
1063 3693 1262 3779 cciiij¹¹xviij
1273 3695 1306 3758 li.
1322 3718 1376 3759 xs.
1393 3696 1425 3778 vj
1441 3696 1513 3762 den.

358 3795 454 3860 Unde
469 3795 503 3858 in
518 3794 662 3858 manibus
677 3794 856 3859 debitorum
866 3817 905 3859 ex
918 3795 1102 3859 acomodato
1114 3795 1256 3875 Domini,
1268 3796 1416 3861 videlicet
1428 3796 1558 3862 Domini

358 3900 478 3964 Thome
494 3898 532 3962 de
548 3897 671 3982 Ralegh
693 3897 802 3960 militis
824 3898 888 3962 xli.
922 3897 1052 3961 Domini
1076 3897 1193 3985 Rogcri
1215 3899 1254 3963 de
1277 3896 1429 3963 Nonaunt
1450 3900 1558 3965 militis

527 4033 538 4058 ⁸
555 4026 614 4072 This
625 4027 673 4072 and
685 4026 726 4072 tho
739 4026 805 4073 three
817 4027 940 4088 following
951 4027 1039 4074 entries
1049 4042 1089 4074 are
1101 4027 1229 4074 bracketed
1238 4027 1263 4073 in
1275 4025 1316 4074 the
1328 4025 1382 4074 MS.
