<?xml version="1.0" encoding="UTF-8"?>
<!DOCTYPE html PUBLIC "-//W3C//DTD XHTML 1.0 Transitional//EN"
    "http://www.w3.org/TR/xhtml1/DTD/xhtml1-transitional.dtd">
<html xmlns="http://www.w3.org/1999/xhtml" xml:lang="en" lang="en">
 <head>
  <title>
</title>
<meta http-equiv="Content-Type" content="text/html;charset=utf-8" />
  <meta name='ocr-system' content='tesseract 3.04.00' />
  <meta name='ocr-capabilities' content='ocr_page ocr_carea ocr_par ocr_line ocrx_word'/>
</head>
<body>
  <div class='ocr_page' id='page_1' title='image "accountexecutor00ellagoog_0133.png"; bbox 0 0 3600 4836; ppageno 0'>
   <div class='ocr_carea' id='block_1_1' title="bbox 373 463 1284 527">
    <p class='ocr_par' dir='ltr' id='par_1_1' title="bbox 373 463 1284 527">
     <span class='ocr_line' id='line_1_1' title="bbox 373 463 1284 527; baseline -0.001 -3"><span class='ocrx_word' id='word_1_1' title='bbox 373 463 416 524; x_wconf 85' lang='lat'><strong>80</strong></span> <span class='ocrx_word' id='word_1_2' title='bbox 666 477 833 527; x_wconf 77' lang='grc'><strong>6666666</strong></span> <span class='ocrx_word' id='word_1_3' title='bbox 849 477 897 527; x_wconf 82' lang='lat' dir='ltr'><strong>on</strong></span> <span class='ocrx_word' id='word_1_4' title='bbox 913 477 988 525; x_wconf 80' lang='lat' dir='ltr'><strong>run</strong></span> <span class='ocrx_word' id='word_1_5' title='bbox 1004 465 1221 526; x_wconf 77' lang='lat' dir='ltr'><strong>exscuross</strong></span> <span class='ocrx_word' id='word_1_6' title='bbox 1236 475 1284 527; x_wconf 82' lang='lat' dir='ltr'><strong>or</strong></span> 
     </span>
    </p>
   </div>
   <div class='ocr_carea' id='block_1_2' title="bbox 323 618 1572 4100">
    <p class='ocr_par' dir='ltr' id='par_1_2' title="bbox 323 618 1572 4100">
     <span class='ocr_line' id='line_1_2' title="bbox 371 618 1570 720; baseline 0.001 -24"><span class='ocrx_word' id='word_1_7' title='bbox 371 631 450 716; x_wconf 84' lang='lat' dir='ltr'><strong>xviij</strong></span> <span class='ocrx_word' id='word_1_8' title='bbox 465 629 495 696; x_wconf 91' lang='lat' dir='ltr'><strong>d.</strong></span> <span class='ocrx_word' id='word_1_9' title='bbox 541 632 585 698; x_wconf 85' lang='lat' dir='ltr'><strong>Et</strong></span> <span class='ocrx_word' id='word_1_10' title='bbox 609 633 648 698; x_wconf 92' lang='lat' dir='ltr'><strong>de</strong></span> <span class='ocrx_word' id='word_1_11' title='bbox 671 634 770 698; x_wconf 85' lang='lat' dir='ltr'><strong>tribus</strong></span> <span class='ocrx_word' id='word_1_12' title='bbox 794 632 932 720; x_wconf 88' lang='lat' dir='ltr'><strong>pullanis</strong></span> <span class='ocrx_word' id='word_1_13' title='bbox 953 618 1046 719; x_wconf 85' lang='lat' dir='ltr'><strong>pretii</strong></span> <span class='ocrx_word' id='word_1_14' title='bbox 1061 632 1127 697; x_wconf 89' lang='grc'><strong>166.</strong></span> <span class='ocrx_word' id='word_1_15' title='bbox 1143 633 1174 717; x_wconf 87' lang='lat' dir='ltr'><strong>vj</strong></span> <span class='ocrx_word' id='word_1_16' title='bbox 1188 631 1219 696; x_wconf 92' lang='lat' dir='ltr'><strong>d.</strong></span> <span class='ocrx_word' id='word_1_17' title='bbox 1236 654 1292 719; x_wconf 89' lang='lat' dir='ltr'><strong>per</strong></span> <span class='ocrx_word' id='word_1_18' title='bbox 1305 631 1443 718; x_wconf 89' lang='lat' dir='ltr'><strong>pretium</strong></span> <span class='ocrx_word' id='word_1_19' title='bbox 1459 630 1570 720; x_wconf 84' lang='lat' dir='ltr'><strong>capitis</strong></span> 
     </span>
     <span class='ocr_line' id='line_1_3' title="bbox 371 733 1572 822; baseline 0 -24"><span class='ocrx_word' id='word_1_20' title='bbox 371 733 450 819; x_wconf 84' lang='lat' dir='ltr'><strong>xviij</strong></span> <span class='ocrx_word' id='word_1_21' title='bbox 464 733 494 798; x_wconf 92' lang='lat' dir='ltr'><strong>d.</strong></span> <span class='ocrx_word' id='word_1_22' title='bbox 540 733 584 799; x_wconf 90' lang='lat' dir='ltr'><strong>Et</strong></span> <span class='ocrx_word' id='word_1_23' title='bbox 606 735 646 799; x_wconf 90' lang='lat' dir='ltr'><strong>de</strong></span> <span class='ocrx_word' id='word_1_24' title='bbox 669 734 792 800; x_wconf 89' lang='lat' dir='ltr'><strong>duobus</strong></span> <span class='ocrx_word' id='word_1_25' title='bbox 811 735 881 800; x_wconf 87' lang='lat' dir='ltr'><strong>aliis</strong></span> <span class='ocrx_word' id='word_1_26' title='bbox 903 735 1040 822; x_wconf 88' lang='lat' dir='ltr'><strong>pullanis</strong></span> <span class='ocrx_word' id='word_1_27' title='bbox 1063 734 1156 821; x_wconf 89' lang='lat' dir='ltr'><strong>pretii</strong></span> <span class='ocrx_word' id='word_1_28' title='bbox 1179 733 1345 799; x_wconf 85' lang='lat' dir='ltr'><strong>duodecim</strong></span> <span class='ocrx_word' id='word_1_29' title='bbox 1361 734 1572 813; x_wconf 88' lang='lat' dir='ltr'><strong>denariorum,</strong></span> 
     </span>
     <span class='ocr_line' id='line_1_4' title="bbox 370 835 1571 924; baseline -0.001 -25"><span class='ocrx_word' id='word_1_30' title='bbox 370 836 506 922; x_wconf 87' lang='lat' dir='ltr'><strong>pretium</strong></span> <span class='ocrx_word' id='word_1_31' title='bbox 522 836 634 924; x_wconf 83' lang='lat' dir='ltr'><strong>capitis</strong></span> <span class='ocrx_word' id='word_1_32' title='bbox 648 837 680 922; x_wconf 85' lang='lat' dir='ltr'><strong>vj</strong></span> <span class='ocrx_word' id='word_1_33' title='bbox 692 837 723 901; x_wconf 92' lang='lat' dir='ltr'><strong>d.</strong></span> <span class='ocrx_word' id='word_1_34' title='bbox 738 837 772 900; x_wconf 89' lang='lat' dir='ltr'><strong>in</strong></span> <span class='ocrx_word' id='word_1_35' title='bbox 789 836 910 900; x_wconf 80' lang='lat' dir='ltr'><strong>marina</strong></span> <span class='ocrx_word' id='word_1_36' title='bbox 924 849 961 900; x_wconf 90' lang='lat' dir='ltr'><strong>ut</strong></span> <span class='ocrx_word' id='word_1_37' title='bbox 976 836 1067 900; x_wconf 83' lang='lat' dir='ltr'><strong>infra.</strong></span> <span class='ocrx_word' id='word_1_38' title='bbox 1114 835 1158 900; x_wconf 85' lang='lat' dir='ltr'><strong>Et</strong></span> <span class='ocrx_word' id='word_1_39' title='bbox 1172 835 1212 900; x_wconf 92' lang='lat' dir='ltr'><strong>de</strong></span> <span class='ocrx_word' id='word_1_40' title='bbox 1226 835 1346 922; x_wconf 81' lang='lat' dir='ltr'><strong>viginti</strong></span> <span class='ocrx_word' id='word_1_41' title='bbox 1360 836 1461 900; x_wconf 89' lang='lat' dir='ltr'><strong>bobus</strong></span> <span class='ocrx_word' id='word_1_42' title='bbox 1475 836 1571 922; x_wconf 88' lang='lat' dir='ltr'><strong>pretii</strong></span> 
     </span>
     <span class='ocr_line' id='line_1_5' title="bbox 369 936 1571 1026; baseline 0.001 -25"><span class='ocrx_word' id='word_1_43' title='bbox 369 938 413 1023; x_wconf 87' lang='lat' dir='ltr'><strong>xij</strong></span> <span class='ocrx_word' id='word_1_44' title='bbox 427 938 460 1002; x_wconf 87' lang='lat' dir='ltr'><strong>li.</strong></span> <span class='ocrx_word' id='word_1_45' title='bbox 486 961 542 1025; x_wconf 87' lang='lat' dir='ltr'><strong>per</strong></span> <span class='ocrx_word' id='word_1_46' title='bbox 565 939 701 1026; x_wconf 90' lang='lat' dir='ltr'><strong>pretium</strong></span> <span class='ocrx_word' id='word_1_47' title='bbox 725 939 836 1026; x_wconf 89' lang='lat' dir='ltr'><strong>capitis</strong></span> <span class='ocrx_word' id='word_1_48' title='bbox 858 938 903 1023; x_wconf 84' lang='lat' dir='ltr'><strong>xij</strong></span> <span class='ocrx_word' id='word_1_49' title='bbox 917 961 939 1003; x_wconf 90' lang='lat' dir='ltr'><strong>s.</strong></span> <span class='ocrx_word' id='word_1_50' title='bbox 963 937 1101 1003; x_wconf 85' lang='lat' dir='ltr'><strong>liberatis</strong></span> <span class='ocrx_word' id='word_1_51' title='bbox 1123 960 1180 1024; x_wconf 90' lang='lat' dir='ltr'><strong>pro</strong></span> <span class='ocrx_word' id='word_1_52' title='bbox 1202 937 1406 1024; x_wconf 86' lang='lat' dir='ltr'><strong>inplemente.</strong></span> <span class='ocrx_word' id='word_1_53' title='bbox 1464 937 1507 1001; x_wconf 86' lang='lat' dir='ltr'><strong>Et</strong></span> <span class='ocrx_word' id='word_1_54' title='bbox 1531 936 1571 1002; x_wconf 91' lang='grc'><strong>16</strong></span> 
     </span>
     <span class='ocr_line' id='line_1_6' title="bbox 369 1038 1572 1128; baseline -0.002 -23"><span class='ocrx_word' id='word_1_55' title='bbox 369 1042 425 1126; x_wconf 87' lang='lat' dir='ltr'><strong>xxj</strong></span> <span class='ocrx_word' id='word_1_56' title='bbox 438 1063 461 1106; x_wconf 88' lang='lat' dir='ltr'><strong>s.</strong></span> <span class='ocrx_word' id='word_1_57' title='bbox 477 1041 516 1106; x_wconf 90' lang='grc'><strong>16</strong></span> <span class='ocrx_word' id='word_1_58' title='bbox 530 1041 632 1107; x_wconf 89' lang='lat' dir='ltr'><strong>tribus</strong></span> <span class='ocrx_word' id='word_1_59' title='bbox 645 1042 746 1107; x_wconf 89' lang='lat' dir='ltr'><strong>bobus</strong></span> <span class='ocrx_word' id='word_1_60' title='bbox 759 1041 908 1120; x_wconf 84' lang='lat' dir='ltr'><strong>venditis,</strong></span> <span class='ocrx_word' id='word_1_61' title='bbox 922 1041 1059 1128; x_wconf 87' lang='lat' dir='ltr'><strong>pretium</strong></span> <span class='ocrx_word' id='word_1_62' title='bbox 1074 1039 1185 1127; x_wconf 88' lang='lat' dir='ltr'><strong>capitis</strong></span> <span class='ocrx_word' id='word_1_63' title='bbox 1200 1038 1243 1124; x_wconf 86' lang='lat' dir='ltr'><strong>vij</strong></span> <span class='ocrx_word' id='word_1_64' title='bbox 1255 1061 1279 1104; x_wconf 92' lang='lat' dir='ltr'><strong>s.</strong></span> <span class='ocrx_word' id='word_1_65' title='bbox 1325 1038 1368 1102; x_wconf 85' lang='lat' dir='ltr'><strong>Et</strong></span> <span class='ocrx_word' id='word_1_66' title='bbox 1382 1038 1422 1103; x_wconf 89' lang='grc'><strong>16</strong></span> <span class='ocrx_word' id='word_1_67' title='bbox 1437 1050 1572 1125; x_wconf 89' lang='lat' dir='ltr'><strong>quatuor</strong></span> 
     </span>
     <span class='ocr_line' id='line_1_7' title="bbox 368 1140 1570 1231; baseline -0.003 -22"><span class='ocrx_word' id='word_1_68' title='bbox 368 1144 468 1209; x_wconf 87' lang='lat' dir='ltr'><strong>bobus</strong></span> <span class='ocrx_word' id='word_1_69' title='bbox 490 1144 584 1231; x_wconf 86' lang='lat' dir='ltr'><strong>pretii</strong></span> <span class='ocrx_word' id='word_1_70' title='bbox 604 1144 705 1229; x_wconf 82' lang='lat' dir='ltr'><strong>xxviij</strong></span> <span class='ocrx_word' id='word_1_71' title='bbox 719 1167 743 1208; x_wconf 91' lang='grc'><strong>6.</strong></span> <span class='ocrx_word' id='word_1_72' title='bbox 758 1144 894 1231; x_wconf 85' lang='lat' dir='ltr'><strong>pretium</strong></span> <span class='ocrx_word' id='word_1_73' title='bbox 910 1143 1020 1231; x_wconf 89' lang='lat' dir='ltr'><strong>eapitis</strong></span> <span class='ocrx_word' id='word_1_74' title='bbox 1034 1143 1078 1228; x_wconf 86' lang='lat' dir='ltr'><strong>vij</strong></span> <span class='ocrx_word' id='word_1_75' title='bbox 1093 1166 1116 1207; x_wconf 92' lang='grc'><strong>6.</strong></span> <span class='ocrx_word' id='word_1_76' title='bbox 1131 1140 1270 1206; x_wconf 88' lang='lat' dir='ltr'><strong>liberatis</strong></span> <span class='ocrx_word' id='word_1_77' title='bbox 1295 1163 1352 1227; x_wconf 89' lang='lat' dir='ltr'><strong>pro</strong></span> <span class='ocrx_word' id='word_1_78' title='bbox 1376 1140 1570 1227; x_wconf 88' lang='lat' dir='ltr'><strong>inplemento</strong></span> 
     </span>
     <span class='ocr_line' id='line_1_8' title="bbox 368 1243 1569 1330; baseline -0.002 -20"><span class='ocrx_word' id='word_1_79' title='bbox 368 1257 404 1310; x_wconf 87' lang='lat' dir='ltr'><strong>ut</strong></span> <span class='ocrx_word' id='word_1_80' title='bbox 427 1245 517 1310; x_wconf 86' lang='lat' dir='ltr'><strong>infra.</strong></span> <span class='ocrx_word' id='word_1_81' title='bbox 563 1245 606 1309; x_wconf 89' lang='lat' dir='ltr'><strong>Et</strong></span> <span class='ocrx_word' id='word_1_82' title='bbox 630 1245 669 1310; x_wconf 92' lang='grc'><strong>16</strong></span> <span class='ocrx_word' id='word_1_83' title='bbox 692 1268 795 1309; x_wconf 82' lang='lat' dir='ltr'><strong>xxxa.</strong></span> <span class='ocrx_word' id='word_1_84' title='bbox 813 1245 852 1311; x_wconf 87' lang='lat' dir='ltr'><strong>de</strong></span> <span class='ocrx_word' id='word_1_85' title='bbox 874 1268 929 1310; x_wconf 84' lang='lat' dir='ltr'><strong>sex</strong></span> <span class='ocrx_word' id='word_1_86' title='bbox 951 1246 1051 1310; x_wconf 90' lang='lat' dir='ltr'><strong>bobus</strong></span> <span class='ocrx_word' id='word_1_87' title='bbox 1065 1244 1203 1310; x_wconf 86' lang='lat' dir='ltr'><strong>venditis</strong></span> <span class='ocrx_word' id='word_1_88' title='bbox 1224 1243 1362 1329; x_wconf 89' lang='lat' dir='ltr'><strong>pretium</strong></span> <span class='ocrx_word' id='word_1_89' title='bbox 1385 1243 1496 1330; x_wconf 88' lang='lat' dir='ltr'><strong>capitis</strong></span> <span class='ocrx_word' id='word_1_90' title='bbox 1515 1266 1569 1308; x_wconf 85' lang='lat' dir='ltr'><strong>vs.</strong></span> 
     </span>
     <span class='ocr_line' id='line_1_9' title="bbox 370 1343 1571 1435; baseline -0.002 -24"><span class='ocrx_word' id='word_1_91' title='bbox 370 1347 413 1412; x_wconf 84' lang='lat' dir='ltr'><strong>Et</strong></span> <span class='ocrx_word' id='word_1_92' title='bbox 439 1349 478 1414; x_wconf 90' lang='lat' dir='ltr'><strong>de</strong></span> <span class='ocrx_word' id='word_1_93' title='bbox 501 1349 569 1435; x_wconf 80' lang='lat' dir='ltr'><strong>vjs.</strong></span> <span class='ocrx_word' id='word_1_94' title='bbox 591 1347 691 1433; x_wconf 82' lang='lat' dir='ltr'><strong>viijd.</strong></span> <span class='ocrx_word' id='word_1_95' title='bbox 714 1349 752 1412; x_wconf 89' lang='lat' dir='ltr'><strong>de</strong></span> <span class='ocrx_word' id='word_1_96' title='bbox 774 1371 839 1412; x_wconf 88' lang='lat' dir='ltr'><strong>uno</strong></span> <span class='ocrx_word' id='word_1_97' title='bbox 863 1360 954 1412; x_wconf 89' lang='lat' dir='ltr'><strong>tauro</strong></span> <span class='ocrx_word' id='word_1_98' title='bbox 976 1346 1115 1412; x_wconf 87' lang='lat' dir='ltr'><strong>vendite.</strong></span> <span class='ocrx_word' id='word_1_99' title='bbox 1161 1345 1204 1410; x_wconf 90' lang='lat' dir='ltr'><strong>Et</strong></span> <span class='ocrx_word' id='word_1_100' title='bbox 1227 1345 1268 1409; x_wconf 91' lang='lat' dir='ltr'><strong>de</strong></span> <span class='ocrx_word' id='word_1_101' title='bbox 1290 1344 1359 1428; x_wconf 84' lang='lat' dir='ltr'><strong>vjs.</strong></span> <span class='ocrx_word' id='word_1_102' title='bbox 1383 1344 1424 1408; x_wconf 92' lang='lat' dir='ltr'><strong>de</strong></span> <span class='ocrx_word' id='word_1_103' title='bbox 1447 1343 1571 1411; x_wconf 91' lang='lat' dir='ltr'><strong>duobus</strong></span> 
     </span>
     <span class='ocr_line' id='line_1_10' title="bbox 366 1447 1568 1536; baseline -0.002 -21"><span class='ocrx_word' id='word_1_104' title='bbox 366 1451 463 1515; x_wconf 91' lang='lat' dir='ltr'><strong>tauris</strong></span> <span class='ocrx_word' id='word_1_105' title='bbox 484 1450 629 1515; x_wconf 80' lang='lat' dir='ltr'><strong>venditis</strong></span> <span class='ocrx_word' id='word_1_106' title='bbox 675 1450 718 1514; x_wconf 85' lang='lat' dir='ltr'><strong>Et</strong></span> <span class='ocrx_word' id='word_1_107' title='bbox 731 1449 772 1514; x_wconf 89' lang='lat' dir='ltr'><strong>de</strong></span> <span class='ocrx_word' id='word_1_108' title='bbox 785 1451 865 1535; x_wconf 88' lang='lat' dir='ltr'><strong>xviij</strong></span> <span class='ocrx_word' id='word_1_109' title='bbox 877 1450 910 1514; x_wconf 91' lang='lat' dir='ltr'><strong>li.</strong></span> <span class='ocrx_word' id='word_1_110' title='bbox 925 1451 957 1536; x_wconf 80' lang='lat' dir='ltr'><strong>vj</strong></span> <span class='ocrx_word' id='word_1_111' title='bbox 971 1472 995 1516; x_wconf 87' lang='lat' dir='ltr'><strong>s.</strong></span> <span class='ocrx_word' id='word_1_112' title='bbox 1009 1450 1065 1533; x_wconf 82' lang='lat' dir='ltr'><strong>viij</strong></span> <span class='ocrx_word' id='word_1_113' title='bbox 1079 1448 1110 1513; x_wconf 91' lang='lat' dir='ltr'><strong>d.</strong></span> <span class='ocrx_word' id='word_1_114' title='bbox 1125 1448 1165 1513; x_wconf 89' lang='lat' dir='ltr'><strong>de</strong></span> <span class='ocrx_word' id='word_1_115' title='bbox 1180 1447 1409 1535; x_wconf 77' lang='lat' dir='ltr'><strong>quinquaginta</strong></span> <span class='ocrx_word' id='word_1_116' title='bbox 1424 1458 1457 1512; x_wconf 89' lang='lat' dir='ltr'><strong>et</strong></span> <span class='ocrx_word' id='word_1_117' title='bbox 1477 1449 1568 1535; x_wconf 88' lang='lat' dir='ltr'><strong>quin-</strong></span> 
     </span>
     <span class='ocr_line' id='line_1_11' title="bbox 366 1550 1571 1640; baseline 0.001 -23"><span class='ocrx_word' id='word_1_118' title='bbox 366 1576 427 1640; x_wconf 89' lang='lat' dir='ltr'><strong>que</strong></span> <span class='ocrx_word' id='word_1_119' title='bbox 442 1553 544 1618; x_wconf 89' lang='lat' dir='ltr'><strong>vaecis</strong></span> <span class='ocrx_word' id='word_1_120' title='bbox 557 1552 704 1631; x_wconf 80' lang='lat' dir='ltr'><strong>venditis,</strong></span> <span class='ocrx_word' id='word_1_121' title='bbox 720 1552 855 1640; x_wconf 88' lang='lat' dir='ltr'><strong>pretium</strong></span> <span class='ocrx_word' id='word_1_122' title='bbox 875 1552 986 1639; x_wconf 89' lang='lat' dir='ltr'><strong>capitis</strong></span> <span class='ocrx_word' id='word_1_123' title='bbox 1000 1553 1067 1637; x_wconf 80' lang='lat' dir='ltr'><strong>vjs.</strong></span> <span class='ocrx_word' id='word_1_124' title='bbox 1083 1552 1138 1636; x_wconf 88' lang='lat' dir='ltr'><strong>viij</strong></span> <span class='ocrx_word' id='word_1_125' title='bbox 1153 1551 1183 1615; x_wconf 93' lang='lat' dir='ltr'><strong>d.</strong></span> <span class='ocrx_word' id='word_1_126' title='bbox 1230 1550 1274 1614; x_wconf 88' lang='lat' dir='ltr'><strong>Et</strong></span> <span class='ocrx_word' id='word_1_127' title='bbox 1288 1550 1328 1615; x_wconf 90' lang='lat' dir='ltr'><strong>de</strong></span> <span class='ocrx_word' id='word_1_128' title='bbox 1343 1550 1444 1616; x_wconf 89' lang='lat' dir='ltr'><strong>tribus</strong></span> <span class='ocrx_word' id='word_1_129' title='bbox 1466 1552 1571 1618; x_wconf 90' lang='grc'><strong>666616</strong></span> 
     </span>
     <span class='ocr_line' id='line_1_12' title="bbox 365 1652 1569 1742; baseline 0 -24"><span class='ocrx_word' id='word_1_130' title='bbox 365 1654 458 1741; x_wconf 88' lang='lat' dir='ltr'><strong>pretii</strong></span> <span class='ocrx_word' id='word_1_131' title='bbox 481 1677 561 1718; x_wconf 85' lang='lat' dir='ltr'><strong>xxs.</strong></span> <span class='ocrx_word' id='word_1_132' title='bbox 576 1655 713 1741; x_wconf 87' lang='lat' dir='ltr'><strong>pretium</strong></span> <span class='ocrx_word' id='word_1_133' title='bbox 733 1655 925 1742; x_wconf 82' lang='lat' dir='ltr'><strong>capitisvjs.</strong></span> <span class='ocrx_word' id='word_1_134' title='bbox 941 1654 997 1739; x_wconf 88' lang='lat' dir='ltr'><strong>viij</strong></span> <span class='ocrx_word' id='word_1_135' title='bbox 1011 1655 1041 1718; x_wconf 92' lang='lat' dir='ltr'><strong>d.</strong></span> <span class='ocrx_word' id='word_1_136' title='bbox 1056 1654 1091 1718; x_wconf 90' lang='lat' dir='ltr'><strong>in</strong></span> <span class='ocrx_word' id='word_1_137' title='bbox 1115 1652 1237 1717; x_wconf 82' lang='lat' dir='ltr'><strong>marina</strong></span> <span class='ocrx_word' id='word_1_138' title='bbox 1262 1665 1301 1717; x_wconf 89' lang='lat' dir='ltr'><strong>ut</strong></span> <span class='ocrx_word' id='word_1_139' title='bbox 1323 1652 1415 1717; x_wconf 84' lang='lat' dir='ltr'><strong>infra.</strong></span> <span class='ocrx_word' id='word_1_140' title='bbox 1462 1653 1504 1718; x_wconf 89' lang='lat' dir='ltr'><strong>Et</strong></span> <span class='ocrx_word' id='word_1_141' title='bbox 1529 1654 1569 1719; x_wconf 90' lang='lat' dir='ltr'><strong>de</strong></span> 
     </span>
     <span class='ocr_line' id='line_1_13' title="bbox 364 1754 1568 1846; baseline 0 -24"><span class='ocrx_word' id='word_1_142' title='bbox 364 1758 410 1843; x_wconf 87' lang='lat' dir='ltr'><strong>xij</strong></span> <span class='ocrx_word' id='word_1_143' title='bbox 423 1781 446 1822; x_wconf 92' lang='grc'><strong>6.</strong></span> <span class='ocrx_word' id='word_1_144' title='bbox 461 1757 501 1822; x_wconf 88' lang='grc'><strong>16</strong></span> <span class='ocrx_word' id='word_1_145' title='bbox 515 1769 649 1845; x_wconf 89' lang='lat' dir='ltr'><strong>quatuor</strong></span> <span class='ocrx_word' id='word_1_146' title='bbox 658 1758 760 1823; x_wconf 86' lang='grc'><strong>666616</strong></span> <span class='ocrx_word' id='word_1_147' title='bbox 771 1758 918 1837; x_wconf 86' lang='lat' dir='ltr'><strong>venditis,</strong></span> <span class='ocrx_word' id='word_1_148' title='bbox 930 1758 1066 1846; x_wconf 89' lang='lat' dir='ltr'><strong>pretium</strong></span> <span class='ocrx_word' id='word_1_149' title='bbox 1080 1756 1190 1843; x_wconf 89' lang='lat' dir='ltr'><strong>capitis</strong></span> <span class='ocrx_word' id='word_1_150' title='bbox 1205 1756 1240 1841; x_wconf 90' lang='lat' dir='ltr'><strong>iij</strong></span> <span class='ocrx_word' id='word_1_151' title='bbox 1250 1778 1273 1821; x_wconf 93' lang='lat' dir='ltr'><strong>s.</strong></span> <span class='ocrx_word' id='word_1_152' title='bbox 1312 1754 1356 1821; x_wconf 87' lang='lat' dir='ltr'><strong>Et</strong></span> <span class='ocrx_word' id='word_1_153' title='bbox 1367 1756 1406 1820; x_wconf 89' lang='lat' dir='ltr'><strong>de</strong></span> <span class='ocrx_word' id='word_1_154' title='bbox 1420 1757 1478 1820; x_wconf 84' lang='lat' dir='ltr'><strong>xiv</strong></span> <span class='ocrx_word' id='word_1_155' title='bbox 1489 1779 1512 1820; x_wconf 93' lang='grc'><strong>6.</strong></span> <span class='ocrx_word' id='word_1_156' title='bbox 1528 1757 1568 1822; x_wconf 90' lang='grc'><strong>16</strong></span> 
     </span>
     <span class='ocr_line' id='line_1_14' title="bbox 364 1858 1570 1947; baseline -0.001 -21"><span class='ocrx_word' id='word_1_157' title='bbox 364 1883 418 1926; x_wconf 86' lang='lat' dir='ltr'><strong>sex</strong></span> <span class='ocrx_word' id='word_1_158' title='bbox 442 1860 579 1925; x_wconf 85' lang='lat' dir='ltr'><strong>bovettis</strong></span> <span class='ocrx_word' id='word_1_159' title='bbox 602 1860 739 1925; x_wconf 88' lang='lat' dir='ltr'><strong>venditis</strong></span> <span class='ocrx_word' id='word_1_160' title='bbox 762 1884 896 1947; x_wconf 92' lang='lat' dir='ltr'><strong>quorum</strong></span> <span class='ocrx_word' id='word_1_161' title='bbox 919 1861 982 1926; x_wconf 92' lang='lat' dir='ltr'><strong>duo</strong></span> <span class='ocrx_word' id='word_1_162' title='bbox 1006 1859 1129 1925; x_wconf 89' lang='lat' dir='ltr'><strong>semelle</strong></span> <span class='ocrx_word' id='word_1_163' title='bbox 1150 1871 1182 1923; x_wconf 90' lang='grc'><strong>61</strong></span> <span class='ocrx_word' id='word_1_164' title='bbox 1205 1858 1340 1944; x_wconf 84' lang='lat' dir='ltr'><strong>pretium</strong></span> <span class='ocrx_word' id='word_1_165' title='bbox 1363 1858 1473 1945; x_wconf 89' lang='lat' dir='ltr'><strong>cspitis</strong></span> <span class='ocrx_word' id='word_1_166' title='bbox 1497 1859 1531 1944; x_wconf 88' lang='lat' dir='ltr'><strong>iij</strong></span> <span class='ocrx_word' id='word_1_167' title='bbox 1542 1882 1570 1925; x_wconf 90' lang='lat' dir='ltr'><strong>s.</strong></span> 
     </span>
     <span class='ocr_line' id='line_1_15' title="bbox 363 1961 1568 2050; baseline -0.001 -22"><span class='ocrx_word' id='word_1_168' title='bbox 363 1973 395 2028; x_wconf 92' lang='grc'><strong>61</strong></span> <span class='ocrx_word' id='word_1_169' title='bbox 417 1962 470 2026; x_wconf 89' lang='grc'><strong>6111</strong></span> <span class='ocrx_word' id='word_1_170' title='bbox 489 1974 623 2049; x_wconf 88' lang='lat' dir='ltr'><strong>quatuor</strong></span> <span class='ocrx_word' id='word_1_171' title='bbox 645 1963 781 2050; x_wconf 87' lang='lat' dir='ltr'><strong>pretium</strong></span> <span class='ocrx_word' id='word_1_172' title='bbox 805 1963 915 2050; x_wconf 88' lang='lat' dir='ltr'><strong>eapitis</strong></span> <span class='ocrx_word' id='word_1_173' title='bbox 938 1964 961 2048; x_wconf 92' lang='lat' dir='ltr'><strong>ij</strong></span> <span class='ocrx_word' id='word_1_174' title='bbox 976 1986 999 2029; x_wconf 94' lang='grc'><strong>6.</strong></span> <span class='ocrx_word' id='word_1_175' title='bbox 1046 1962 1089 2027; x_wconf 90' lang='grc' dir='ltr'><strong>Ε1</strong></span> <span class='ocrx_word' id='word_1_176' title='bbox 1115 1963 1154 2027; x_wconf 90' lang='lat' dir='ltr'><strong>de</strong></span> <span class='ocrx_word' id='word_1_177' title='bbox 1175 1961 1232 2045; x_wconf 84' lang='lat' dir='ltr'><strong>xiij</strong></span> <span class='ocrx_word' id='word_1_178' title='bbox 1244 1984 1267 2026; x_wconf 92' lang='lat' dir='ltr'><strong>s.</strong></span> <span class='ocrx_word' id='word_1_179' title='bbox 1292 1962 1324 2046; x_wconf 86' lang='lat' dir='ltr'><strong>vj</strong></span> <span class='ocrx_word' id='word_1_180' title='bbox 1339 1961 1369 2025; x_wconf 90' lang='lat' dir='ltr'><strong>d.</strong></span> <span class='ocrx_word' id='word_1_181' title='bbox 1389 1961 1429 2026; x_wconf 88' lang='grc'><strong>(16</strong></span> <span class='ocrx_word' id='word_1_182' title='bbox 1453 1985 1568 2027; x_wconf 87' lang='lat' dir='ltr'><strong>novem</strong></span> 
     </span>
     <span class='ocr_line' id='line_1_16' title="bbox 362 2056 1568 2152; baseline 0.002 -25"><span class='ocrx_word' id='word_1_183' title='bbox 362 2063 471 2129; x_wconf 84' lang='grc'><strong>6116116</strong></span> <span class='ocrx_word' id='word_1_184' title='bbox 485 2065 699 2150; x_wconf 89' lang='lat' dir='ltr'><strong>superannatis</strong></span> <span class='ocrx_word' id='word_1_185' title='bbox 713 2065 860 2145; x_wconf 87' lang='lat' dir='ltr'><strong>venditis,</strong></span> <span class='ocrx_word' id='word_1_186' title='bbox 872 2066 1008 2152; x_wconf 88' lang='lat' dir='ltr'><strong>pretium</strong></span> <span class='ocrx_word' id='word_1_187' title='bbox 1023 2056 1133 2152; x_wconf 87' lang='lat' dir='ltr'><strong>capitis</strong></span> <span class='ocrx_word' id='word_1_188' title='bbox 1147 2064 1227 2148; x_wconf 83' lang='lat' dir='ltr'><strong>xviij</strong></span> <span class='ocrx_word' id='word_1_189' title='bbox 1240 2063 1270 2128; x_wconf 92' lang='lat' dir='ltr'><strong>d.</strong></span> <span class='ocrx_word' id='word_1_190' title='bbox 1319 2063 1362 2128; x_wconf 86' lang='lat' dir='ltr'><strong>Et</strong></span> <span class='ocrx_word' id='word_1_191' title='bbox 1374 2064 1413 2129; x_wconf 90' lang='lat' dir='ltr'><strong>de</strong></span> <span class='ocrx_word' id='word_1_192' title='bbox 1425 2064 1568 2131; x_wconf 89' lang='lat' dir='ltr'><strong>ducentis</strong></span> 
     </span>
     <span class='ocr_line' id='line_1_17' title="bbox 362 2165 1565 2253; baseline 0.002 -24"><span class='ocrx_word' id='word_1_193' title='bbox 362 2165 494 2253; x_wconf 86' lang='lat' dir='ltr'><strong>triginta</strong></span> <span class='ocrx_word' id='word_1_194' title='bbox 518 2178 550 2230; x_wconf 90' lang='lat' dir='ltr'><strong>et</strong></span> <span class='ocrx_word' id='word_1_195' title='bbox 573 2188 628 2230; x_wconf 87' lang='lat' dir='ltr'><strong>sex</strong></span> <span class='ocrx_word' id='word_1_196' title='bbox 653 2167 847 2230; x_wconf 90' lang='lat' dir='ltr'><strong>multonibus</strong></span> <span class='ocrx_word' id='word_1_197' title='bbox 873 2168 966 2252; x_wconf 88' lang='lat' dir='ltr'><strong>pretii</strong></span> <span class='ocrx_word' id='word_1_198' title='bbox 989 2167 1022 2250; x_wconf 82' lang='lat' dir='ltr'><strong>xj</strong></span> <span class='ocrx_word' id='word_1_199' title='bbox 1037 2167 1071 2231; x_wconf 88' lang='lat' dir='ltr'><strong>li.</strong></span> <span class='ocrx_word' id='word_1_200' title='bbox 1086 2167 1141 2250; x_wconf 84' lang='lat' dir='ltr'><strong>xvj</strong></span> <span class='ocrx_word' id='word_1_201' title='bbox 1155 2189 1177 2230; x_wconf 95' lang='grc'><strong>6.</strong></span> <span class='ocrx_word' id='word_1_202' title='bbox 1195 2166 1332 2253; x_wconf 89' lang='lat' dir='ltr'><strong>pretium</strong></span> <span class='ocrx_word' id='word_1_203' title='bbox 1348 2167 1459 2253; x_wconf 88' lang='lat' dir='ltr'><strong>capitis</strong></span> <span class='ocrx_word' id='word_1_204' title='bbox 1473 2167 1519 2253; x_wconf 86' lang='lat' dir='ltr'><strong>xij</strong></span> <span class='ocrx_word' id='word_1_205' title='bbox 1534 2167 1565 2232; x_wconf 90' lang='lat' dir='ltr'><strong>d.</strong></span> 
     </span>
     <span class='ocr_line' id='line_1_18' title="bbox 362 2265 1569 2355; baseline 0.003 -25"><span class='ocrx_word' id='word_1_206' title='bbox 362 2265 501 2330; x_wconf 88' lang='lat' dir='ltr'><strong>liberatis</strong></span> <span class='ocrx_word' id='word_1_207' title='bbox 523 2288 579 2351; x_wconf 87' lang='lat' dir='ltr'><strong>pro</strong></span> <span class='ocrx_word' id='word_1_208' title='bbox 601 2266 794 2352; x_wconf 83' lang='lat' dir='ltr'><strong>inplemente</strong></span> <span class='ocrx_word' id='word_1_209' title='bbox 816 2280 853 2331; x_wconf 90' lang='lat' dir='ltr'><strong>ut</strong></span> <span class='ocrx_word' id='word_1_210' title='bbox 874 2268 966 2334; x_wconf 80' lang='lat' dir='ltr'><strong>infra.</strong></span> <span class='ocrx_word' id='word_1_211' title='bbox 1011 2268 1055 2332; x_wconf 89' lang='lat' dir='ltr'><strong>Et</strong></span> <span class='ocrx_word' id='word_1_212' title='bbox 1084 2268 1131 2332; x_wconf 83' lang='lat' dir='ltr'><strong>de&#39;</strong></span> <span class='ocrx_word' id='word_1_213' title='bbox 1148 2269 1217 2332; x_wconf 88' lang='lat' dir='ltr'><strong>lxiv</strong></span> <span class='ocrx_word' id='word_1_214' title='bbox 1229 2291 1253 2333; x_wconf 91' lang='lat' dir='ltr'><strong>s.</strong></span> <span class='ocrx_word' id='word_1_215' title='bbox 1279 2268 1320 2333; x_wconf 91' lang='lat' dir='ltr'><strong>de</strong></span> <span class='ocrx_word' id='word_1_216' title='bbox 1345 2269 1510 2355; x_wconf 79' lang='lat' dir='ltr'>sexaginta</span> <span class='ocrx_word' id='word_1_217' title='bbox 1536 2283 1569 2335; x_wconf 87' lang='lat' dir='ltr'><strong>et</strong></span> 
     </span>
     <span class='ocr_line' id='line_1_19' title="bbox 323 2367 1572 2458; baseline 0.005 -28"><span class='ocrx_word' id='word_1_218' title='bbox 323 2448 327 2456; x_wconf 23' lang='grc' dir='ltr'>ι</span> <span class='ocrx_word' id='word_1_219' title='bbox 362 2379 497 2454; x_wconf 84' lang='lat' dir='ltr'><strong>quatuor</strong></span> <span class='ocrx_word' id='word_1_220' title='bbox 510 2367 704 2431; x_wconf 85' lang='lat' dir='ltr'><strong>multenibus</strong></span> <span class='ocrx_word' id='word_1_221' title='bbox 718 2368 866 2447; x_wconf 87' lang='lat' dir='ltr'><strong>venditis,</strong></span> <span class='ocrx_word' id='word_1_222' title='bbox 882 2370 1019 2454; x_wconf 88' lang='lat' dir='ltr'><strong>pretium</strong></span> <span class='ocrx_word' id='word_1_223' title='bbox 1037 2369 1148 2458; x_wconf 89' lang='lat' dir='ltr'><strong>capitis</strong></span> <span class='ocrx_word' id='word_1_224' title='bbox 1170 2370 1215 2454; x_wconf 84' lang='lat' dir='ltr'><strong>xij</strong></span> <span class='ocrx_word' id='word_1_225' title='bbox 1226 2369 1258 2434; x_wconf 87' lang='lat' dir='ltr'><strong>d.</strong></span> <span class='ocrx_word' id='word_1_226' title='bbox 1305 2369 1348 2434; x_wconf 88' lang='lat' dir='ltr'><strong>Et</strong></span> <span class='ocrx_word' id='word_1_227' title='bbox 1374 2370 1413 2435; x_wconf 88' lang='lat' dir='ltr'><strong>de</strong></span> <span class='ocrx_word' id='word_1_228' title='bbox 1438 2372 1572 2458; x_wconf 80' lang='lat' dir='ltr'><strong>quadra-</strong></span> 
     </span>
     <span class='ocr_line' id='line_1_20' title="bbox 361 2469 1568 2558; baseline 0.005 -27"><span class='ocrx_word' id='word_1_229' title='bbox 361 2469 450 2557; x_wconf 86' lang='lat' dir='ltr'><strong>ginta</strong></span> <span class='ocrx_word' id='word_1_230' title='bbox 464 2481 497 2534; x_wconf 90' lang='lat' dir='ltr'><strong>et</strong></span> <span class='ocrx_word' id='word_1_231' title='bbox 511 2492 625 2534; x_wconf 85' lang='lat' dir='ltr'><strong>novem</strong></span> <span class='ocrx_word' id='word_1_232' title='bbox 642 2469 836 2534; x_wconf 78' lang='lat' dir='ltr'><strong>mulmnibus</strong></span> <span class='ocrx_word' id='word_1_233' title='bbox 850 2469 943 2556; x_wconf 89' lang='lat' dir='ltr'><strong>pretii</strong></span> <span class='ocrx_word' id='word_1_234' title='bbox 957 2471 1028 2534; x_wconf 87' lang='lat' dir='ltr'>xlix</span> <span class='ocrx_word' id='word_1_235' title='bbox 1039 2494 1063 2535; x_wconf 90' lang='lat' dir='ltr'><strong>s.</strong></span> <span class='ocrx_word' id='word_1_236' title='bbox 1078 2495 1135 2558; x_wconf 91' lang='lat' dir='ltr'><strong>per</strong></span> <span class='ocrx_word' id='word_1_237' title='bbox 1149 2471 1286 2558; x_wconf 88' lang='lat' dir='ltr'><strong>pretium</strong></span> <span class='ocrx_word' id='word_1_238' title='bbox 1302 2471 1412 2558; x_wconf 89' lang='lat' dir='ltr'><strong>capitis</strong></span> <span class='ocrx_word' id='word_1_239' title='bbox 1426 2473 1472 2557; x_wconf 85' lang='lat' dir='ltr'><strong>xij</strong></span> <span class='ocrx_word' id='word_1_240' title='bbox 1486 2473 1517 2537; x_wconf 91' lang='lat' dir='ltr'><strong>d.</strong></span> <span class='ocrx_word' id='word_1_241' title='bbox 1533 2475 1568 2538; x_wconf 90' lang='lat' dir='ltr'><strong>in</strong></span> 
     </span>
     <span class='ocr_line' id='line_1_21' title="bbox 361 2570 1568 2661; baseline 0.007 -29"><span class='ocrx_word' id='word_1_242' title='bbox 361 2570 484 2634; x_wconf 85' lang='lat' dir='ltr'><strong>marina</strong></span> <span class='ocrx_word' id='word_1_243' title='bbox 508 2582 546 2635; x_wconf 91' lang='lat' dir='ltr'><strong>ut</strong></span> <span class='ocrx_word' id='word_1_244' title='bbox 570 2570 660 2636; x_wconf 78' lang='lat' dir='ltr'><strong>inira.</strong></span> <span class='ocrx_word' id='word_1_245' title='bbox 719 2570 761 2635; x_wconf 86' lang='lat' dir='ltr'><strong>Et</strong></span> <span class='ocrx_word' id='word_1_246' title='bbox 785 2570 824 2635; x_wconf 84' lang='lat' dir='ltr'><strong>de</strong></span> <span class='ocrx_word' id='word_1_247' title='bbox 850 2571 1058 2658; x_wconf 88' lang='lat' dir='ltr'><strong>quadraginta</strong></span> <span class='ocrx_word' id='word_1_248' title='bbox 1084 2585 1116 2637; x_wconf 89' lang='lat' dir='ltr'><strong>et</strong></span> <span class='ocrx_word' id='word_1_249' title='bbox 1142 2572 1265 2637; x_wconf 88' lang='lat' dir='ltr'><strong>duobus</strong></span> <span class='ocrx_word' id='word_1_250' title='bbox 1291 2572 1450 2637; x_wconf 87' lang='lat' dir='ltr'><strong>hurtardis</strong></span> <span class='ocrx_word' id='word_1_251' title='bbox 1474 2577 1568 2661; x_wconf 87' lang='lat' dir='ltr'><strong>pretii</strong></span> 
     </span>
     <span class='ocr_line' id='line_1_22' title="bbox 360 2670 1569 2761; baseline 0.007 -28"><span class='ocrx_word' id='word_1_252' title='bbox 360 2670 417 2756; x_wconf 81' lang='lat' dir='ltr'><strong>xiij</strong></span> <span class='ocrx_word' id='word_1_253' title='bbox 428 2694 451 2736; x_wconf 89' lang='grc'><strong>6.</strong></span> <span class='ocrx_word' id='word_1_254' title='bbox 475 2671 610 2758; x_wconf 88' lang='lat' dir='ltr'><strong>pretium</strong></span> <span class='ocrx_word' id='word_1_255' title='bbox 628 2671 740 2758; x_wconf 86' lang='lat' dir='ltr'><strong>capitis</strong></span> <span class='ocrx_word' id='word_1_256' title='bbox 759 2670 803 2756; x_wconf 87' lang='lat' dir='ltr'><strong>xij</strong></span> <span class='ocrx_word' id='word_1_257' title='bbox 817 2671 848 2736; x_wconf 83' lang='lat' dir='ltr'><strong>d.</strong></span> <span class='ocrx_word' id='word_1_258' title='bbox 863 2671 1001 2738; x_wconf 81' lang='lat' dir='ltr'><strong>liberatis</strong></span> <span class='ocrx_word' id='word_1_259' title='bbox 1029 2697 1084 2760; x_wconf 90' lang='lat' dir='ltr'><strong>pro</strong></span> <span class='ocrx_word' id='word_1_260' title='bbox 1110 2674 1304 2761; x_wconf 89' lang='lat' dir='ltr'><strong>inplemento</strong></span> <span class='ocrx_word' id='word_1_261' title='bbox 1326 2686 1363 2739; x_wconf 91' lang='lat' dir='ltr'><strong>ut</strong></span> <span class='ocrx_word' id='word_1_262' title='bbox 1385 2675 1475 2739; x_wconf 77' lang='lat' dir='ltr'><strong>infra.</strong></span> <span class='ocrx_word' id='word_1_263' title='bbox 1525 2676 1569 2742; x_wconf 89' lang='lat' dir='ltr'><strong>Et</strong></span> 
     </span>
     <span class='ocr_line' id='line_1_23' title="bbox 360 2773 1569 2863; baseline 0.006 -26"><span class='ocrx_word' id='word_1_264' title='bbox 360 2773 400 2838; x_wconf 90' lang='lat' dir='ltr'><strong>de</strong></span> <span class='ocrx_word' id='word_1_265' title='bbox 424 2774 457 2858; x_wconf 91' lang='lat' dir='ltr'><strong>iij</strong></span> <span class='ocrx_word' id='word_1_266' title='bbox 470 2797 495 2838; x_wconf 91' lang='grc'><strong>6.</strong></span> <span class='ocrx_word' id='word_1_267' title='bbox 518 2774 558 2838; x_wconf 89' lang='grc'><strong>16</strong></span> <span class='ocrx_word' id='word_1_268' title='bbox 580 2774 681 2838; x_wconf 88' lang='lat' dir='ltr'><strong>tribus</strong></span> <span class='ocrx_word' id='word_1_269' title='bbox 703 2773 861 2840; x_wconf 85' lang='lat' dir='ltr'><strong>hurtardis</strong></span> <span class='ocrx_word' id='word_1_270' title='bbox 875 2773 1012 2839; x_wconf 87' lang='lat' dir='ltr'><strong>venditis</strong></span> <span class='ocrx_word' id='word_1_271' title='bbox 1034 2775 1168 2862; x_wconf 88' lang='lat' dir='ltr'><strong>pretium</strong></span> <span class='ocrx_word' id='word_1_272' title='bbox 1193 2776 1305 2863; x_wconf 88' lang='lat' dir='ltr'><strong>eapitis</strong></span> <span class='ocrx_word' id='word_1_273' title='bbox 1326 2777 1371 2861; x_wconf 83' lang='lat' dir='ltr'><strong>xij</strong></span> <span class='ocrx_word' id='word_1_274' title='bbox 1384 2777 1415 2840; x_wconf 91' lang='lat' dir='ltr'><strong>d.</strong></span> <span class='ocrx_word' id='word_1_275' title='bbox 1461 2776 1505 2842; x_wconf 89' lang='lat' dir='ltr'><strong>Et</strong></span> <span class='ocrx_word' id='word_1_276' title='bbox 1529 2778 1569 2844; x_wconf 89' lang='lat' dir='ltr'><strong>de</strong></span> 
     </span>
     <span class='ocr_line' id='line_1_24' title="bbox 359 2876 1566 2965; baseline 0.003 -23"><span class='ocrx_word' id='word_1_277' title='bbox 359 2877 498 2965; x_wconf 88' lang='grc'><strong>6616666</strong></span> <span class='ocrx_word' id='word_1_278' title='bbox 509 2877 667 2942; x_wconf 89' lang='lat' dir='ltr'><strong>hurtardis</strong></span> <span class='ocrx_word' id='word_1_279' title='bbox 682 2877 774 2964; x_wconf 89' lang='lat' dir='ltr'><strong>pretii</strong></span> <span class='ocrx_word' id='word_1_280' title='bbox 790 2901 812 2941; x_wconf 91' lang='grc'><strong>6</strong></span> <span class='ocrx_word' id='word_1_281' title='bbox 821 2899 844 2942; x_wconf 89' lang='grc'><strong>6.</strong></span> <span class='ocrx_word' id='word_1_282' title='bbox 860 2877 996 2964; x_wconf 89' lang='lat' dir='ltr'><strong>pretium</strong></span> <span class='ocrx_word' id='word_1_283' title='bbox 1012 2877 1122 2965; x_wconf 89' lang='lat' dir='ltr'><strong>capitis</strong></span> <span class='ocrx_word' id='word_1_284' title='bbox 1136 2878 1182 2963; x_wconf 85' lang='lat' dir='ltr'><strong>xij</strong></span> <span class='ocrx_word' id='word_1_285' title='bbox 1196 2876 1226 2941; x_wconf 94' lang='lat' dir='ltr'><strong>d.</strong></span> <span class='ocrx_word' id='word_1_286' title='bbox 1239 2878 1273 2941; x_wconf 91' lang='lat' dir='ltr'><strong>in</strong></span> <span class='ocrx_word' id='word_1_287' title='bbox 1289 2879 1411 2942; x_wconf 84' lang='lat' dir='ltr'><strong>morina</strong></span> <span class='ocrx_word' id='word_1_288' title='bbox 1422 2890 1459 2944; x_wconf 88' lang='grc'><strong>61</strong></span> <span class='ocrx_word' id='word_1_289' title='bbox 1473 2880 1566 2946; x_wconf 86' lang='lat' dir='ltr'><strong>infra.</strong></span> 
     </span>
     <span class='ocr_line' id='line_1_25' title="bbox 360 2980 1565 3068; baseline 0.002 -23"><span class='ocrx_word' id='word_1_290' title='bbox 360 2981 441 3046; x_wconf 87' lang='lat' dir='ltr'><strong>Item</strong></span> <span class='ocrx_word' id='word_1_291' title='bbox 457 2981 647 3068; x_wconf 89' lang='lat' dir='ltr'><strong>respondent</strong></span> <span class='ocrx_word' id='word_1_292' title='bbox 662 2981 702 3045; x_wconf 90' lang='grc'><strong>16</strong></span> <span class='ocrx_word' id='word_1_293' title='bbox 718 2980 804 3045; x_wconf 89' lang='lat' dir='ltr'><strong>mille</strong></span> <span class='ocrx_word' id='word_1_294' title='bbox 819 2980 967 3046; x_wconf 80' lang='lat' dir='ltr'>trecentis</span> <span class='ocrx_word' id='word_1_295' title='bbox 981 2981 1145 3068; x_wconf 75' lang='lat' dir='ltr'>sexaginta</span> <span class='ocrx_word' id='word_1_296' title='bbox 1160 2993 1193 3046; x_wconf 89' lang='grc'><strong>61</strong></span> <span class='ocrx_word' id='word_1_297' title='bbox 1209 2980 1308 3045; x_wconf 89' lang='lat' dir='ltr'><strong>tribus</strong></span> <span class='ocrx_word' id='word_1_298' title='bbox 1323 2981 1436 3046; x_wconf 89' lang='lat' dir='ltr'><strong>ovibus</strong></span> <span class='ocrx_word' id='word_1_299' title='bbox 1457 2984 1565 3047; x_wconf 86' lang='lat' dir='ltr'><strong>matri·</strong></span> 
     </span>
     <span class='ocr_line' id='line_1_26' title="bbox 357 3082 1564 3172; baseline 0.002 -24"><span class='ocrx_word' id='word_1_300' title='bbox 357 3084 446 3149; x_wconf 90' lang='lat' dir='ltr'><strong>cibus</strong></span> <span class='ocrx_word' id='word_1_301' title='bbox 467 3084 560 3171; x_wconf 86' lang='lat' dir='ltr'><strong>pretii</strong></span> <span class='ocrx_word' id='word_1_302' title='bbox 580 3082 672 3167; x_wconf 80' lang='lat' dir='ltr'><strong>lxviij</strong></span> <span class='ocrx_word' id='word_1_303' title='bbox 686 3083 719 3146; x_wconf 91' lang='lat' dir='ltr'><strong>li.</strong></span> <span class='ocrx_word' id='word_1_304' title='bbox 734 3083 768 3167; x_wconf 90' lang='lat' dir='ltr'><strong>iij</strong></span> <span class='ocrx_word' id='word_1_305' title='bbox 782 3105 805 3147; x_wconf 89' lang='grc'><strong>6.</strong></span> <span class='ocrx_word' id='word_1_306' title='bbox 820 3084 955 3169; x_wconf 87' lang='lat' dir='ltr'><strong>pretium</strong></span> <span class='ocrx_word' id='word_1_307' title='bbox 971 3084 1082 3170; x_wconf 89' lang='lat' dir='ltr'><strong>eapitis</strong></span> <span class='ocrx_word' id='word_1_308' title='bbox 1105 3085 1150 3169; x_wconf 86' lang='lat' dir='ltr'><strong>xij</strong></span> <span class='ocrx_word' id='word_1_309' title='bbox 1165 3084 1196 3148; x_wconf 91' lang='lat' dir='ltr'><strong>d.</strong></span> <span class='ocrx_word' id='word_1_310' title='bbox 1223 3083 1361 3148; x_wconf 89' lang='lat' dir='ltr'><strong>liberatis</strong></span> <span class='ocrx_word' id='word_1_311' title='bbox 1385 3107 1442 3172; x_wconf 90' lang='lat' dir='ltr'><strong>pro</strong></span> <span class='ocrx_word' id='word_1_312' title='bbox 1464 3085 1564 3172; x_wconf 89' lang='lat' dir='ltr'><strong>inple·</strong></span> 
     </span>
     <span class='ocr_line' id='line_1_27' title="bbox 358 3184 1565 3273; baseline 0.002 -23"><span class='ocrx_word' id='word_1_313' title='bbox 358 3198 465 3251; x_wconf 90' lang='lat' dir='ltr'><strong>mento</strong></span> <span class='ocrx_word' id='word_1_314' title='bbox 487 3199 525 3252; x_wconf 87' lang='grc'><strong>61</strong></span> <span class='ocrx_word' id='word_1_315' title='bbox 549 3185 639 3249; x_wconf 76' lang='lat' dir='ltr'><strong>inira.</strong></span> <span class='ocrx_word' id='word_1_316' title='bbox 686 3184 728 3248; x_wconf 87' lang='lat' dir='ltr'><strong>Et</strong></span> <span class='ocrx_word' id='word_1_317' title='bbox 748 3185 788 3249; x_wconf 91' lang='grc'><strong>16</strong></span> <span class='ocrx_word' id='word_1_318' title='bbox 806 3186 840 3270; x_wconf 85' lang='lat' dir='ltr'><strong>xj</strong></span> <span class='ocrx_word' id='word_1_319' title='bbox 852 3184 886 3250; x_wconf 93' lang='lat' dir='ltr'><strong>li.</strong></span> <span class='ocrx_word' id='word_1_320' title='bbox 916 3186 975 3270; x_wconf 78' lang='lat' dir='ltr'><strong>[xij</strong></span> <span class='ocrx_word' id='word_1_321' title='bbox 989 3184 1037 3272; x_wconf 93' lang='lat' dir='ltr'><strong>d.]</strong></span> <span class='ocrx_word' id='word_1_322' title='bbox 1058 3186 1097 3252; x_wconf 90' lang='lat' dir='ltr'><strong>de</strong></span> <span class='ocrx_word' id='word_1_323' title='bbox 1116 3186 1259 3252; x_wconf 85' lang='lat' dir='ltr'><strong>ducentis</strong></span> <span class='ocrx_word' id='word_1_324' title='bbox 1273 3199 1306 3251; x_wconf 91' lang='lat' dir='ltr'><strong>et</strong></span> <span class='ocrx_word' id='word_1_325' title='bbox 1320 3187 1437 3273; x_wconf 80' lang='lat' dir='ltr'><strong>viginti</strong></span> <span class='ocrx_word' id='word_1_326' title='bbox 1452 3189 1565 3254; x_wconf 87' lang='lat' dir='ltr'><strong>ovibus</strong></span> 
     </span>
     <span class='ocr_line' id='line_1_28' title="bbox 357 3287 1560 3376; baseline -0.001 -20"><span class='ocrx_word' id='word_1_327' title='bbox 357 3291 538 3356; x_wconf 79' lang='lat' dir='ltr'><strong>matricibus</strong></span> <span class='ocrx_word' id='word_1_328' title='bbox 557 3288 695 3355; x_wconf 87' lang='lat' dir='ltr'><strong>venditis</strong></span> <span class='ocrx_word' id='word_1_329' title='bbox 711 3287 822 3352; x_wconf 82' lang='lat' dir='ltr'><strong>Electa</strong></span> <span class='ocrx_word' id='word_1_330' title='bbox 836 3311 891 3374; x_wconf 88' lang='lat' dir='ltr'><strong>per</strong></span> <span class='ocrx_word' id='word_1_331' title='bbox 906 3289 1043 3375; x_wconf 87' lang='lat' dir='ltr'><strong>pretium</strong></span> <span class='ocrx_word' id='word_1_332' title='bbox 1065 3289 1176 3376; x_wconf 90' lang='lat' dir='ltr'><strong>capitis</strong></span> <span class='ocrx_word' id='word_1_333' title='bbox 1198 3289 1243 3374; x_wconf 82' lang='lat' dir='ltr'><strong>xij</strong></span> <span class='ocrx_word' id='word_1_334' title='bbox 1257 3289 1288 3354; x_wconf 91' lang='lat' dir='ltr'><strong>d.</strong></span> <span class='ocrx_word' id='word_1_335' title='bbox 1335 3289 1378 3354; x_wconf 86' lang='lat' dir='ltr'><strong>Et</strong></span> <span class='ocrx_word' id='word_1_336' title='bbox 1402 3290 1442 3355; x_wconf 92' lang='lat' dir='ltr'><strong>de</strong></span> <span class='ocrx_word' id='word_1_337' title='bbox 1466 3291 1523 3376; x_wconf 88' lang='lat' dir='ltr'><strong>lxij</strong></span> <span class='ocrx_word' id='word_1_338' title='bbox 1536 3315 1560 3356; x_wconf 88' lang='grc'><strong>6.</strong></span> 
     </span>
     <span class='ocr_line' id='line_1_29' title="bbox 357 3397 1562 3486; baseline 0.002 -24"><span class='ocrx_word' id='word_1_339' title='bbox 357 3401 388 3485; x_wconf 84' lang='lat' dir='ltr'><strong>vj</strong></span> <span class='ocrx_word' id='word_1_340' title='bbox 403 3401 433 3465; x_wconf 96' lang='lat' dir='ltr'><strong>d.</strong></span> <span class='ocrx_word' id='word_1_341' title='bbox 446 3404 510 3485; x_wconf 83' lang='lat' dir='ltr'><strong>(sie)</strong></span> <span class='ocrx_word' id='word_1_342' title='bbox 525 3398 719 3465; x_wconf 87' lang='lat' dir='ltr'><strong>deducentis</strong></span> <span class='ocrx_word' id='word_1_343' title='bbox 733 3397 850 3486; x_wconf 86' lang='lat' dir='ltr'><strong>viginti</strong></span> <span class='ocrx_word' id='word_1_344' title='bbox 861 3409 893 3462; x_wconf 89' lang='grc'><strong>61</strong></span> <span class='ocrx_word' id='word_1_345' title='bbox 905 3397 1045 3484; x_wconf 86' lang='grc'><strong>6616666</strong></span> <span class='ocrx_word' id='word_1_346' title='bbox 1059 3399 1171 3463; x_wconf 88' lang='lat' dir='ltr'><strong>ovibus</strong></span> <span class='ocrx_word' id='word_1_347' title='bbox 1182 3399 1364 3464; x_wconf 81' lang='lat' dir='ltr'><strong>matricibus</strong></span> <span class='ocrx_word' id='word_1_348' title='bbox 1376 3399 1562 3465; x_wconf 81' lang='lat' dir='ltr'><strong>venditisde</strong></span> 
     </span>
     <span class='ocr_line' id='line_1_30' title="bbox 359 3500 1561 3590; baseline -0.001 -23"><span class='ocrx_word' id='word_1_349' title='bbox 359 3503 490 3567; x_wconf 84' lang='lat' dir='ltr'><strong>Sutham</strong></span> <span class='ocrx_word' id='word_1_350' title='bbox 502 3527 557 3590; x_wconf 89' lang='lat' dir='ltr'><strong>pcr</strong></span> <span class='ocrx_word' id='word_1_351' title='bbox 567 3504 703 3590; x_wconf 87' lang='lat' dir='ltr'><strong>pretium</strong></span> <span class='ocrx_word' id='word_1_352' title='bbox 715 3500 827 3588; x_wconf 83' lang='lat' dir='ltr'><strong>cepitis</strong></span> <span class='ocrx_word' id='word_1_353' title='bbox 841 3500 897 3565; x_wconf 82' lang='lat' dir='ltr'><strong>xiv</strong></span> <span class='ocrx_word' id='word_1_354' title='bbox 908 3500 938 3565; x_wconf 91' lang='lat' dir='ltr'><strong>d.</strong></span> <span class='ocrx_word' id='word_1_355' title='bbox 977 3500 1021 3564; x_wconf 91' lang='lat' dir='ltr'><strong>Et</strong></span> <span class='ocrx_word' id='word_1_356' title='bbox 1035 3500 1075 3565; x_wconf 92' lang='lat' dir='ltr'><strong>de</strong></span> <span class='ocrx_word' id='word_1_357' title='bbox 1090 3500 1158 3585; x_wconf 83' lang='lat' dir='ltr'><strong>xliij</strong></span> <span class='ocrx_word' id='word_1_358' title='bbox 1169 3524 1193 3566; x_wconf 89' lang='grc'><strong>6.</strong></span> <span class='ocrx_word' id='word_1_359' title='bbox 1209 3501 1242 3565; x_wconf 91' lang='grc'><strong>16</strong></span> <span class='ocrx_word' id='word_1_360' title='bbox 1254 3501 1285 3566; x_wconf 88' lang='grc'><strong>1.</strong></span> <span class='ocrx_word' id='word_1_361' title='bbox 1301 3503 1365 3585; x_wconf 83' lang='lat' dir='ltr'><strong>(sic)</strong></span> <span class='ocrx_word' id='word_1_362' title='bbox 1380 3502 1419 3566; x_wconf 90' lang='lat' dir='ltr'><strong>de</strong></span> <span class='ocrx_word' id='word_1_363' title='bbox 1430 3501 1561 3588; x_wconf 89' lang='lat' dir='ltr'><strong>quadra·</strong></span> 
     </span>
     <span class='ocr_line' id='line_1_31' title="bbox 354 3602 1558 3693; baseline 0.002 -26"><span class='ocrx_word' id='word_1_364' title='bbox 354 3604 444 3690; x_wconf 82' lang='lat' dir='ltr'><strong>ginta</strong></span> <span class='ocrx_word' id='word_1_365' title='bbox 458 3606 569 3669; x_wconf 88' lang='lat' dir='ltr'><strong>ovibus</strong></span> <span class='ocrx_word' id='word_1_366' title='bbox 584 3605 765 3671; x_wconf 85' lang='lat' dir='ltr'><strong>matricibus</strong></span> <span class='ocrx_word' id='word_1_367' title='bbox 780 3603 917 3669; x_wconf 85' lang='lat' dir='ltr'><strong>venditis</strong></span> <span class='ocrx_word' id='word_1_368' title='bbox 932 3603 971 3668; x_wconf 92' lang='lat' dir='ltr'><strong>de</strong></span> <span class='ocrx_word' id='word_1_369' title='bbox 988 3602 1185 3669; x_wconf 81' lang='lat' dir='ltr'><strong>Plumberwe</strong></span> <span class='ocrx_word' id='word_1_370' title='bbox 1196 3605 1333 3691; x_wconf 89' lang='lat' dir='ltr'><strong>pretium</strong></span> <span class='ocrx_word' id='word_1_371' title='bbox 1345 3605 1455 3693; x_wconf 89' lang='lat' dir='ltr'><strong>eapitis</strong></span> <span class='ocrx_word' id='word_1_372' title='bbox 1466 3605 1558 3689; x_wconf 87' lang='lat' dir='ltr'><strong>xiijd.</strong></span> 
     </span>
     <span class='ocr_line' id='line_1_32' title="bbox 358 3704 1560 3795; baseline 0.002 -26"><span class='ocrx_word' id='word_1_373' title='bbox 358 3704 402 3769; x_wconf 85' lang='lat' dir='ltr'><strong>Et</strong></span> <span class='ocrx_word' id='word_1_374' title='bbox 417 3705 455 3770; x_wconf 90' lang='lat' dir='ltr'><strong>de</strong></span> <span class='ocrx_word' id='word_1_375' title='bbox 470 3718 579 3792; x_wconf 83' lang='lat' dir='ltr'><strong>quater</strong></span> <span class='ocrx_word' id='word_1_376' title='bbox 593 3707 709 3795; x_wconf 84' lang='lat' dir='ltr'><strong>viginti</strong></span> <span class='ocrx_word' id='word_1_377' title='bbox 730 3720 762 3771; x_wconf 89' lang='lat' dir='ltr'><strong>et</strong></span> <span class='ocrx_word' id='word_1_378' title='bbox 776 3706 935 3772; x_wconf 82' lang='lat' dir='ltr'><strong>sexdecim</strong></span> <span class='ocrx_word' id='word_1_379' title='bbox 950 3706 1062 3772; x_wconf 84' lang='lat' dir='ltr'><strong>ovibus</strong></span> <span class='ocrx_word' id='word_1_380' title='bbox 1076 3707 1257 3772; x_wconf 88' lang='lat' dir='ltr'><strong>matricibus</strong></span> <span class='ocrx_word' id='word_1_381' title='bbox 1272 3707 1364 3793; x_wconf 90' lang='lat' dir='ltr'><strong>pretii</strong></span> <span class='ocrx_word' id='word_1_382' title='bbox 1380 3709 1411 3771; x_wconf 91' lang='lat' dir='ltr'><strong>iv</strong></span> <span class='ocrx_word' id='word_1_383' title='bbox 1422 3708 1454 3771; x_wconf 92' lang='lat' dir='ltr'><strong>li.</strong></span> <span class='ocrx_word' id='word_1_384' title='bbox 1470 3708 1525 3791; x_wconf 83' lang='lat' dir='ltr'><strong>xvj</strong></span> <span class='ocrx_word' id='word_1_385' title='bbox 1539 3731 1560 3787; x_wconf 72' lang='lat' dir='ltr'><strong>s¹</strong></span> 
     </span>
     <span class='ocr_line' id='line_1_33' title="bbox 355 3805 1560 3897; baseline 0.003 -28"><span class='ocrx_word' id='word_1_386' title='bbox 355 3805 389 3870; x_wconf 88' lang='grc'><strong>16</strong></span> <span class='ocrx_word' id='word_1_387' title='bbox 405 3807 526 3870; x_wconf 81' lang='lat' dir='ltr'><strong>marina</strong></span> <span class='ocrx_word' id='word_1_388' title='bbox 540 3820 577 3872; x_wconf 91' lang='lat' dir='ltr'><strong>ut</strong></span> <span class='ocrx_word' id='word_1_389' title='bbox 591 3809 673 3873; x_wconf 87' lang='lat' dir='ltr'><strong>insra</strong></span> <span class='ocrx_word' id='word_1_390' title='bbox 693 3809 831 3896; x_wconf 89' lang='lat' dir='ltr'><strong>pretium</strong></span> <span class='ocrx_word' id='word_1_391' title='bbox 855 3808 967 3897; x_wconf 89' lang='lat' dir='ltr'><strong>eapitis</strong></span> <span class='ocrx_word' id='word_1_392' title='bbox 992 3809 1036 3893; x_wconf 85' lang='lat' dir='ltr'><strong>xij</strong></span> <span class='ocrx_word' id='word_1_393' title='bbox 1049 3809 1081 3875; x_wconf 91' lang='lat' dir='ltr'><strong>d.</strong></span> <span class='ocrx_word' id='word_1_394' title='bbox 1127 3808 1170 3874; x_wconf 88' lang='lat' dir='ltr'><strong>Et</strong></span> <span class='ocrx_word' id='word_1_395' title='bbox 1195 3808 1235 3874; x_wconf 89' lang='lat' dir='ltr'><strong>de</strong></span> <span class='ocrx_word' id='word_1_396' title='bbox 1261 3810 1294 3892; x_wconf 89' lang='lat' dir='ltr'><strong>xj</strong></span> <span class='ocrx_word' id='word_1_397' title='bbox 1307 3809 1339 3873; x_wconf 88' lang='lat' dir='ltr'><strong>li.</strong></span> <span class='ocrx_word' id='word_1_398' title='bbox 1367 3808 1447 3892; x_wconf 83' lang='lat' dir='ltr'><strong>xviij</strong></span> <span class='ocrx_word' id='word_1_399' title='bbox 1460 3809 1492 3872; x_wconf 88' lang='lat' dir='ltr'><strong>d.</strong></span> <span class='ocrx_word' id='word_1_400' title='bbox 1520 3810 1560 3873; x_wconf 90' lang='lat' dir='ltr'><strong>de</strong></span> 
     </span>
     <span class='ocr_line' id='line_1_34' title="bbox 353 3909 1558 3999; baseline -0.002 -24"><span class='ocrx_word' id='word_1_401' title='bbox 353 3909 590 3998; x_wconf 80' lang='lat' dir='ltr'><strong>quadringentis</strong></span> <span class='ocrx_word' id='word_1_402' title='bbox 604 3912 809 3999; x_wconf 76' lang='lat' dir='ltr'><strong>quadraginta</strong></span> <span class='ocrx_word' id='word_1_403' title='bbox 821 3926 853 3977; x_wconf 89' lang='lat' dir='ltr'><strong>et</strong></span> <span class='ocrx_word' id='word_1_404' title='bbox 864 3912 965 3979; x_wconf 82' lang='lat' dir='ltr'><strong>tribus</strong></span> <span class='ocrx_word' id='word_1_405' title='bbox 975 3911 1130 3999; x_wconf 85' lang='lat' dir='ltr'><strong>hogastris</strong></span> <span class='ocrx_word' id='word_1_406' title='bbox 1142 3912 1287 3988; x_wconf 88' lang='lat' dir='ltr'><strong>venditis,</strong></span> <span class='ocrx_word' id='word_1_407' title='bbox 1301 3909 1436 3997; x_wconf 89' lang='lat' dir='ltr'><strong>pretium</strong></span> <span class='ocrx_word' id='word_1_408' title='bbox 1447 3909 1558 3993; x_wconf 88' lang='lat' dir='ltr'><strong>capitis</strong></span> 
     </span>
     <span class='ocr_line' id='line_1_35' title="bbox 354 4011 1558 4100; baseline 0 -24"><span class='ocrx_word' id='word_1_409' title='bbox 354 4014 384 4096; x_wconf 87' lang='lat' dir='ltr'><strong>vj</strong></span> <span class='ocrx_word' id='word_1_410' title='bbox 398 4013 428 4077; x_wconf 88' lang='lat' dir='ltr'><strong>d.</strong></span> <span class='ocrx_word' id='word_1_411' title='bbox 475 4011 571 4077; x_wconf 84' lang='lat' dir='ltr'><strong>Etde</strong></span> <span class='ocrx_word' id='word_1_412' title='bbox 590 4012 820 4097; x_wconf 66' lang='grc'><strong>6661116161.</strong></span> <span class='ocrx_word' id='word_1_413' title='bbox 845 4015 884 4082; x_wconf 92' lang='lat' dir='ltr'><strong>de</strong></span> <span class='ocrx_word' id='word_1_414' title='bbox 907 4026 1035 4082; x_wconf 85' lang='lat' dir='ltr'><strong>centum</strong></span> <span class='ocrx_word' id='word_1_415' title='bbox 1059 4014 1214 4100; x_wconf 85' lang='lat' dir='ltr'><strong>hogastris</strong></span> <span class='ocrx_word' id='word_1_416' title='bbox 1237 4012 1396 4077; x_wconf 90' lang='lat' dir='ltr'><strong>debilibus</strong></span> <span class='ocrx_word' id='word_1_417' title='bbox 1421 4011 1558 4076; x_wconf 89' lang='lat' dir='ltr'><strong>venditis</strong></span> 
     </span>
    </p>
   </div>
   <div class='ocr_carea' id='block_1_3' title="bbox 0 0 1804 4836">
    <p class='ocr_par' dir='ltr' id='par_1_3' title="bbox 0 0 1804 4836">
     <span class='ocr_line' id='line_1_36' title="bbox 0 0 1804 4836; baseline 0 8"><span class='ocrx_word' id='word_1_418' title='bbox 0 0 1804 4836; x_wconf 95' lang='lat' dir='ltr'><strong> </strong></span> 
     </span>
    </p>
   </div>
  </div>
 </body>
</html>
