3562 4822
283 420 325 479 90
579 434 747 481 accouur
763 433 809 481 os
826 432 901 478 rus
918 432 1132 480 sxrcuroas
1148 434 1196 481 or

328 587 513 653 S'raurturt.
561 589 659 653 Iidem
684 587 873 675 respondent
895 586 935 651 de
953 602 1086 675 quatuor
1100 588 1209 652 stottis
1225 589 1339 675 pretii
1357 589 1397 653 xl
1411 613 1438 655 s.
1453 612 1524 677 pre-

282 690 361 754 tium
385 691 495 778 capitis
517 715 573 757 xs.
598 691 736 755 liberatis
759 714 815 776 pro
838 689 1043 777 inplemento.
1090 689 1133 754 Ε(
1153 690 1197 755 de
1217 691 1356 777 xxiijs.
1384 693 1469 757 ivd.
1484 692 1522 757 de

280 805 398 881 septem
414 796 516 859 stottis
531 795 677 872 venditis,
693 794 829 882 pretium
854 793 964 880 eapitis
985 793 1017 878 iij
1030 816 1054 857 s.
1069 793 1145 858 ivd.
1194 793 1242 858 Et
1260 794 1309 861 de
1332 819 1397 861 sex
1419 796 1522 861 bobus

280 898 373 985 pretii
389 899 423 962 lx
433 922 455 962 s.
471 898 608 985 pretium
623 898 734 984 eapitis
749 921 771 960 x
783 920 807 960 s.
823 896 962 962 liberatis
976 921 1033 982 pro
1047 897 1259 984 inplemertto.
1316 899 1367 964 Et
1389 900 1435 965 de
1456 922 1520 963 uno

281 1023 377 1075 stotto
391 1010 484 1098 pretii
501 1010 534 1096 iij
547 1033 571 1074 s.
588 1010 620 1073 iv
632 1009 662 1074 d.
678 1009 710 1073 in
726 1007 859 1074 marina.
905 1008 949 1071 Et
963 1007 1002 1072 de
1015 1009 1046 1094 vj
1057 1008 1091 1071 li.
1105 1007 1162 1092 xiij
1175 1030 1202 1072 s.
1213 1007 1259 1073 de
1276 1010 1518 1077 novemdecim

280 1113 384 1178 vaccis
403 1113 549 1190 venditis,
562 1112 698 1199 pretium
719 1111 830 1197 capitis
851 1110 895 1194 vij
910 1133 932 1174 s.
979 1109 1022 1174 Et
1045 1110 1085 1175 de
1107 1109 1186 1192 xviij
1200 1110 1233 1173 d.
1255 1110 1304 1176 de
1334 1113 1518 1177 duodecim

282 1215 453 1300 caponibus
468 1215 615 1294 venditis,
630 1215 765 1301 pretium
782 1213 908 1300 caperis
919 1212 933 1296 j
945 1212 975 1277 d.
993 1213 1042 1277 ob.
1076 1212 1120 1276 Et
1134 1212 1173 1276 de
1189 1235 1220 1297 ν]
1232 1211 1268 1278 (1.
1282 1214 1329 1280 de
1345 1238 1409 1281 sex
1421 1216 1518 1303 gallis

282 1317 429 1392 venditis,
453 1317 587 1402 pretium
611 1316 721 1403 eapitis
731 1316 744 1400 j
759 1316 791 1381 d.
825 1316 867 1379 Et
879 1316 918 1379 de
933 1338 996 1379 una
1011 1314 1073 1379 olla
1086 1338 1163 1378 enea
1178 1313 1277 1400 pretii
1297 1316 1322 1399 ij
1335 1340 1362 1381 s.
1376 1318 1517 1383 liberata

282 1441 339 1503 pro
364 1417 566 1505 inplementO.
614 1418 657 1482 Et
678 1419 718 1483 de
733 1417 777 1502 xij
789 1418 820 1481 d.
837 1418 876 1482 de
898 1441 962 1481 uno
984 1440 1081 1503 parvo
1103 1416 1251 1504 poeiueto
1266 1433 1305 1481 et
1322 1442 1396 1484 una
1412 1444 1515 1507 parva

282 1522 397 1608 patella
421 1520 518 1585 debili
539 1520 682 1585 venditis.
730 1521 773 1585 Et
795 1521 835 1585 de
859 1520 904 1604 xij
916 1520 948 1584 d.
972 1520 1010 1584 de
1032 1543 1097 1583 uno
1119 1517 1232 1582 lotario
1259 1530 1296 1583 et
1322 1544 1397 1586 una
1424 1522 1514 1610 pelvi

282 1624 378 1690 debili
394 1624 542 1690 venditis.
588 1624 631 1688 Et
646 1624 685 1689 de
700 1623 730 1708 vj
745 1647 768 1688 s.
783 1624 839 1709 viij
849 1625 880 1687 d.
896 1622 935 1687 de
950 1646 1013 1686 una
1028 1636 1148 1686 carecta
1161 1621 1273 1686 ferrata
1288 1646 1374 1689 eum
1391 1625 1512 1690 herne·

281 1729 327 1794 sio
350 1729 484 1793 duorum
500 1751 649 1816 equorum
667 1725 808 1793 vendita.
848 1726 891 1790 Et
905 1725 944 1790 de
963 1725 1019 1812 viij
1032 1725 1063 1789 (1.
1079 1725 1118 1790 de
1133 1747 1223 1789 coreo
1241 1725 1345 1791 unius
1361 1729 1462 1795 stotti
1478 1730 1512 1794 in

281 1832 404 1898 murina
422 1845 574 1918 utsupra.

1083 1929 1212 1993 Summa
1225 1927 1285 2012 xiij
1299 1928 1340 1995 li.
1357 1932 1424 2017 xiij
1438 1957 1465 1998 s.

330 2140 431 2203 laus.
478 2139 667 2204 Liberantur
690 2152 766 2202 tune
789 2137 898 2201 Electo
921 2159 978 2223 pro
1000 2134 1194 2220 inplemento
1214 2132 1338 2199 ibidem
1361 2154 1512 2225 quatuor

283 2241 370 2305 stotti
383 2240 476 2327 pretii
485 2241 519 2305 xl
529 2265 551 2306 s.
591 2242 634 2306 Et
645 2265 700 2306 sex
711 2241 806 2305 boves
818 2240 911 2329 pretii
926 2239 960 2303 lx
970 2262 994 2304 s.
1027 2239 1070 2303 Et
1091 2261 1155 2303 una
1166 2237 1227 2303 olla
1237 2260 1316 2302 enea
1325 2241 1432 2325 pretii
1448 2242 1473 2325 ij
1484 2266 1510 2307 s.

1218 2338 1354 2405 Summa
1371 2343 1421 2428 cij
1433 2366 1462 2409 s.

330 2548 373 2614 Et
388 2561 500 2637 petunt
514 2549 574 2614 sibi
589 2548 715 2614 allocari
731 2548 765 2634 iij
777 2572 801 2614 s.
817 2548 893 2612 ivd.
906 2547 945 2612 de
960 2570 1024 2613 uno
1039 2558 1134 2612 stotto
1150 2545 1183 2609 in
1199 2543 1321 2609 morina
1336 2559 1377 2610 ut
1393 2570 1507 2636 supra.

503 2652 633 2718 Summa
651 2652 684 2736 iij
697 2675 721 2715 s.
737 2651 769 2714 iv
782 2651 813 2717 d.
851 2651 894 2715 Et
916 2661 1078 2714 remanent
1092 2648 1146 2733 viij
1160 2647 1193 2713 li.
1209 2646 1252 2733 vij
1263 2669 1287 2712 s.
1303 2647 1361 2735 viij
1374 2649 1411 2715 d.
1453 2652 1507 2719 De

544 2756 658 2843 quibus
672 2755 791 2820 habent
807 2753 1001 2840 respondere.

331 2962 509 3024 llamrau.
556 2961 655 3025 Iidem
672 2959 862 3046 respondent
881 2959 920 3024 de
941 2959 1028 3022 xxd.
1048 2958 1087 3023 de
1108 2970 1242 3046 quatuor
1261 2957 1407 3023 bussellis
1433 2961 1502 3027 sru-

285 3064 384 3129 menti
407 3061 546 3127 inventis
568 3064 600 3126 in
623 3062 769 3149 granario
792 3062 937 3128 venditis.
982 3061 1027 3127 Ε(
1045 3060 1084 3126 de
1099 3061 1156 3144 xiij
1169 3084 1192 3124 s.
1208 3060 1242 3124 ir
1255 3059 1285 3124 (1.
1300 3058 1340 3123 de
1357 3074 1503 3147 quatuor

283 3167 446 3255 quarteriis
463 3165 558 3231 brasii
576 3165 662 3230 ordei
683 3165 829 3243 venditis,
847 3166 981 3252 pretium
1007 3164 1154 3252 quarterii
1178 3163 1212 3249 iij
1224 3186 1248 3227 s.
1263 3161 1296 3226 iv
1308 3160 1338 3225 d.
1386 3162 1433 3229 Et
1458 3168 1502 3233 de

284 3291 306 3330 x
319 3292 342 3332 s.
358 3268 413 3353 viij
427 3268 458 3332 d.
475 3266 514 3331 de
529 3279 663 3353 quatuor
675 3264 839 3352 quarteriis
851 3265 943 3328 brasii
956 3263 1074 3350 draget’
1086 3262 1233 3327 venditis.
1248 3261 1385 3348 pretium
1401 3286 1503 3350 quar·

284 3371 355 3435 terii
371 3372 391 3455 ij
405 3395 429 3436 s.
445 3370 500 3455 viij
513 3368 543 3433 (1.
589 3370 633 3434 Et
648 3369 686 3435 (le
702 3369 758 3433 xiv
770 3392 792 3432 s.
808 3368 851 3452 vij
864 3368 895 3432 (1.
911 3369 960 3434 01).
977 3367 1015 3432 de
1037 3376 1171 3453 quatuor
1186 3364 1348 3452 quarteriis
1371 3382 1500 3453 septem

284 3471 424 3538 bussellis
433 3471 520 3537 ordei
532 3472 668 3538 venditis
687 3470 878 3548 Eschaetori‚
895 3469 1029 3556 pretium
1047 3467 1195 3554 quarterii
1211 3467 1244 3551 iij
1260 3490 1284 3533 s.
1308 3466 1352 3530 Et
1367 3466 1408 3532 de
1423 3471 1461 3554 xj
1473 3495 1500 3536 s.

284 3575 338 3659 viij
352 3575 383 3638 d.
398 3576 437 3641 de
461 3587 596 3663 quatuor
615 3573 780 3660 quarteriis
803 3596 858 3637 sex
880 3571 1021 3636 bussellis
1048 3571 1189 3635 fabarum
1212 3567 1350 3634 venditis
1375 3568 1499 3650 eidem,

285 3678 421 3764 pretium
445 3678 596 3765 quartarii
621 3678 679 3761 ijs.
695 3677 790 3761 viijd.
837 3675 880 3739 Et
894 3675 933 3739 de
948 3674 1004 3758 xxj
1018 3674 1051 3737 li.
1067 3697 1088 3736 v
1099 3697 1121 3738 s
1139 3672 1190 3737 ob.
1205 3696 1257 3760 qu.
1282 3672 1321 3736 de
1347 3671 1500 3741 ducentis

285 3781 513 3868 quinquaginta
528 3793 561 3845 et
580 3780 719 3867 quinque
743 3778 906 3868 quarteriis
930 3802 994 3842 uno
1016 3800 1073 3864 pec
1097 3799 1196 3840 avene
1219 3774 1364 3851 venditis,
1386 3775 1498 3845 eidem

288 3884 467 3947 Esehaetori
482 3907 537 3969 per
554 3882 689 3969 pretium
707 3882 855 3969 quartarii
871 3904 916 3943 xx
927 3880 957 3945 d.
994 3880 1037 3944 Et
1057 3879 1097 3943 de
1111 3879 1157 3963 liij
1169 3902 1192 3942 s.
1208 3879 1238 3963 vj
1251 3878 1280 3943 d.
1297 3878 1346 3942 ob.
1362 3878 1402 3943 de
1426 3904 1498 3969 sep-

285 3983 452 4049 temdecim
468 3981 634 4070 quarteriis
649 4000 703 4041 sex
718 3982 858 4049 bustellis
879 3996 911 4046 et
932 3982 1064 4046 dimidio
1084 4005 1148 4046 ano
1163 4005 1221 4068 pec
1243 3982 1391 4061 mixture,
1406 4005 1497 4048 com·
