3600 4836
313 449 375 513 104
607 463 777 512 aocoonr
792 464 840 511 os
857 464 934 511 rns
951 464 1167 512 nnncoroas
1182 464 1229 512 or

312 615 394 680 Item
410 616 540 682 liberata
555 617 679 682 cuidam
695 619 837 704 garcioni
852 619 944 684 misso
960 620 1071 684 iterato
1086 619 1125 682 ad
1139 667 1149 684 .
1172 666 1181 683 .
1204 617 1387 682 .Abbatem
1405 615 1518 680 Sancte

312 717 421 783 Osithe
436 743 493 805 pro
508 720 616 784 debito
631 744 694 807 quo
715 722 880 787 tenebatur
901 723 1060 810 querendo
1082 745 1138 808 per
1159 722 1279 786 litteras
1303 720 1519 784 Executorum

308 821 363 904 viij
378 822 411 888 d.
454 823 536 887 Item
558 824 673 888 donata
688 826 939 889 numeratoribus
962 824 1093 912 pecunie
1117 824 1202 911 apud
1226 836 1383 911 receptam
1409 820 1518 908 Regis,

309 953 366 1016 pro
384 933 601 999 numeratione
625 933 803 997 debitorum
826 933 976 998 defuncto
998 934 1109 997 iterato
1132 933 1249 997 ibidem
1274 933 1447 996 solutorum
1470 931 1517 994 fa·

308 1035 428 1112 cienda,
445 1048 548 1122 preter
563 1037 795 1123 reprobationes
810 1060 864 1101 sue
879 1049 1016 1114 monete,
1030 1037 1094 1120 vjs.
1137 1034 1219 1100 Item
1236 1035 1349 1099 donata
1364 1033 1518 1097 hostiario

308 1136 393 1203 dicte
416 1151 538 1225 recepte
564 1162 621 1224 pro
644 1138 743 1204 libero
768 1139 901 1204 introitu
926 1153 958 1203 et
982 1139 1071 1202 exitu
1094 1137 1247 1202 habendis
1270 1137 1311 1202 ad
1334 1135 1513 1200 faciendum

306 1238 476 1304 solutiones
501 1241 678 1306 debitorum
694 1242 835 1307 defuncti
861 1242 978 1306 ibidem
1005 1242 1037 1324 vj
1051 1241 1084 1306 d.
1129 1241 1210 1304 Item
1233 1240 1363 1304 liberata
1385 1238 1511 1302 cuidam

308 1339 448 1423 garcioni
470 1342 559 1405 eunti
581 1343 665 1428 apud
682 1343 841 1422 Hadham,
857 1344 898 1408 ad
913 1344 1078 1408 dominum
1096 1343 1250 1407 Thomam
1267 1342 1306 1406 de
1325 1339 1514 1428 Swyneford

309 1441 517 1506 senescallum
530 1443 681 1521 defuncti,
694 1469 749 1530 per
760 1445 880 1510 litteras
893 1447 1118 1521 Executorum,
1135 1445 1174 1508 ad
1189 1444 1346 1508 faciendas
1360 1442 1511 1529 quasdam

307 1543 505 1610 venditiones
515 1544 644 1621 ibidem,
654 1545 793 1611 debonis
804 1546 991 1632 quibusdam
1003 1547 1172 1611 liberandis
1183 1547 1276 1611 certis
1286 1545 1510 1609 mercatoribus

306 1647 435 1726 ibidem,
451 1648 492 1712 ob
506 1647 567 1712 hoc
583 1648 823 1727 declinantibus,
840 1673 862 1711 x
874 1649 905 1714 d.
951 1650 1031 1713 Item
1047 1649 1148 1713 soluta
1168 1648 1297 1712 domino
1313 1646 1445 1734 Hugoni
1469 1646 1509 1711 de

307 1750 508 1828 Gernemuta,
524 1751 646 1815 Clerico
661 1751 701 1816 de
717 1751 919 1830 Cancellaria,
935 1752 1135 1839 prosequenti
1158 1751 1307 1838 placitum
1330 1751 1428 1815 debiti
1450 1774 1509 1814 no·

304 1855 390 1923 mine
404 1854 526 1918 domini
548 1853 678 1918 Rcberti
702 1854 741 1919 de
767 1854 941 1940 Littlebery
963 1853 1115 1932 defuncti,
1131 1867 1240 1917 contra
1257 1853 1459 1930 Exeeutorcs,
1475 1865 1509 1919 ct

302 1957 519 2024 disrationanti
534 1957 654 2021 dictum
670 1957 812 2022 debiturn
828 1981 884 2044 pro
899 1958 1043 2044 dampnis
1057 1957 1116 2020 sibi
1131 1957 1329 2040 adjudicatis,
1345 1956 1376 2040 vj
1384 1979 1407 2020 s.
1423 1956 1506 2040 vijd.

304 2060 385 2126 Item
408 2061 509 2125 soluta
525 2059 643 2124 'clerico
662 2061 806 2149 Magistri
821 2061 987 2127 Willielmi
1009 2061 1049 2124 de
1069 2059 1172 2137 Testa,
1189 2082 1244 2146 per
1265 2059 1508 2145 acquietantiam

303 2162 467 2227 solutionis
495 2177 624 2228 centurn
651 2163 802 2227 librarum
833 2161 955 2227 decime
977 2162 1162 2239 sexannalis,
1186 2175 1281 2247 prout
1301 2161 1336 2224 in
1359 2161 1506 2246 proximo

303 2265 427 2351 panello
451 2265 592 2352 sequenti
616 2266 805 2341 continetur,
826 2266 871 2349 xij
886 2266 918 2330 d.
964 2266 1043 2330 Item
1066 2265 1166 2329 soluta
1187 2264 1241 2330 W.
1261 2263 1300 2327 de
1325 2262 1504 2350 Cotynham

303 2390 359 2452 pro
374 2366 522 2430 brevibus
536 2367 708 2452 impetratis
723 2367 757 2430 in
773 2367 869 2431 Curia
879 2368 1009 2431 Domini
1025 2367 1122 2454 Regis
1137 2367 1264 2430 nomine
1278 2367 1503 2443 Executorum,

303 2468 360 2551 xiij
374 2490 397 2531 s.
412 2468 446 2531 iv
458 2468 488 2533 d.
535 2469 616 2532 Item
632 2469 666 2531 in
681 2469 826 2556 expensis
841 2471 922 2535 circa
937 2470 1149 2534 defensionem
1165 2470 1259 2533 unius
1273 2469 1380 2555 placiti
1395 2482 1504 2532 contra

305 2569 465 2635 Simonem
485 2571 524 2635 de
541 2571 671 2636 Camere
691 2572 731 2636 ad
747 2573 962 2659 placitandum
979 2572 1171 2637 Executores
1193 2573 1226 2637 in
1251 2572 1347 2637 Curia
1372 2571 1503 2636 Domini

303 2672 410 2760 Regis,
430 2686 494 2738 tam
515 2674 549 2738 in
571 2674 779 2740 servientibus
799 2690 832 2740 et
853 2675 1017 2740 attornatis
1039 2687 1071 2739 et
1092 2675 1309 2761 procuratione
1331 2675 1502 2739 amicorum

293 2778 476 2862 juvantium
491 2779 531 2842 ad
546 2778 757 2843 defensionem
773 2779 957 2861 predictam,
973 2779 1006 2842 iv
1015 2778 1048 2843 li.
1064 2779 1118 2862 viij
1133 2802 1156 2844 s.
1172 2779 1229 2863 viij
1242 2777 1273 2842 d.

1075 2882 1203 2946 Summa
1218 2881 1252 2944 ix
1262 2880 1296 2945 li.
1312 2880 1378 2945 ivs.
1393 2880 1414 2964 ij
1426 2880 1458 2947 d.

343 3083 488 3148 Dnnlrn
513 3084 672 3149 SOLUTA.
719 3085 819 3150 Iidem
843 3099 1027 3173 computant
1050 3086 1149 3149 soluta
1173 3084 1311 3150 Domino
1337 3084 1418 3170 Regi
1442 3107 1500 3171 pro

299 3185 463 3272 arreragiis
485 3186 594 3272 quinte
617 3186 738 3251 decime
760 3189 860 3274 posite
882 3203 1022 3274 ternpore
1039 3187 1188 3250 Edwardi
1210 3188 1308 3273 patris
1323 3186 1419 3273 Regis
1434 3186 1502 3250 Ed-

298 3287 396 3352 wardi
425 3287 480 3374 qui
495 3311 580 3351 nunc
595 3299 641 3351 est
656 3287 746 3372 xxvij
761 3313 784 3352 s.
800 3290 831 3372 vj
844 3289 875 3352 d.
891 3288 1005 3374 ob.qu.
1053 3288 1131 3352 Item
1148 3287 1249 3351 soluta
1264 3288 1348 3352 dicto
1361 3287 1500 3353 Domino

299 3389 381 3476 Regi
402 3391 442 3455 ad
463 3390 561 3476 ipsius
583 3389 777 3455 Scaccariurn
801 3390 839 3453 dc
864 3390 985 3454 decima
1007 3390 1152 3455 triennali
1176 3390 1285 3455 cccli.
1308 3412 1368 3475 que
1389 3404 1500 3456 exacte

297 3492 424 3557 fuerunt
447 3504 517 3578 post
531 3493 653 3557 obitum
668 3492 819 3556 defuncti.
865 3492 945 3556 Item
966 3495 1097 3558 liberata
1112 3492 1290 3557 vicecomiti
1314 3491 1443 3557 Eesexie
1464 3493 1500 3559 in

296 3597 568 3681 propacationema
590 3597 640 3662 uri
658 3596 849 3682 Reginepro
863 3595 997 3661 Beronia
1012 3597 1052 3661 de
1069 3596 1252 3673 Storteford,
1267 3595 1359 3660 lxxiv
1368 3621 1391 3660 s.
1415 3597 1498 3664 Item

295 3711 479 3783 computant
499 3699 600 3763 soluta
620 3699 660 3764 ad
687 3699 882 3763 Scaccarium
907 3700 1027 3765 domini
1051 3699 1147 3785 Regis
1169 3723 1225 3785 per
1248 3723 1358 3764 manue
1382 3700 1500 3765 Archi-

295 3797 419 3864 diaconi
443 3797 607 3864 Londonie
625 3800 712 3883 clxvj
726 3799 760 3862 li.
782 3800 840 3885 xiij
852 3823 875 3864 s.
896 3802 972 3868 ivd.
996 3825 1053 3889 pro
1078 3801 1207 3866 diversis
1231 3801 1347 3867 debitis
1375 3802 1497 3868 domini

295 3898 393 3985 Regis
417 3922 478 3986 que
504 3901 670 3965 currebant
696 3901 730 3966 in
752 3901 826 3987 pipa
847 3915 956 3967 contra
978 3902 1154 3990 predictum
1176 3902 1374 3984 defunctum,
1399 3926 1496 3991 quam

293 4001 420 4088 quidem
445 4000 629 4088 peccuniam
645 4001 867 4068 Thesaurarius
890 4005 968 4069 dieti
992 4005 1113 4069 domini
1138 4005 1234 4092 Regis
1258 4006 1365 4093 exegit
1384 4020 1416 4075 ct
1439 4026 1496 4093 per
