3562 4822
283 454 324 515 76
563 467 731 517 accouur
748 467 795 516 or
810 467 888 516 run
905 465 1127 515 nxncnrons
1143 465 1192 514 or

284 622 348 686 duo
363 622 436 709 equi
450 606 609 687 careotarii
625 623 719 710 pretii
740 645 821 687 xxs.
843 622 913 688 loco
928 623 1063 687 duorum
1085 632 1263 686 stottorum.
1308 618 1353 683 Et
1374 617 1492 683 decem

282 723 369 787 stotti
384 724 477 810 pretii
490 724 535 791 ls.
550 748 604 790 sex
619 726 715 791 boves
728 724 822 811 pretii
835 725 903 790 lxs.
941 724 985 789 Et
1000 748 1063 789 una
1077 724 1140 788 olla
1154 747 1232 789 enea
1246 721 1340 809 pretii
1359 720 1444 806 xviij
1456 719 1492 783 d.

285 825 329 890 Et
343 838 389 892 est
404 850 485 892 unus
500 838 613 893 stottus
626 828 661 892 in
676 827 797 892 murina
812 839 848 891 ut
863 850 955 914 supra
970 827 1063 913 pretii
1078 851 1099 890 v
1111 850 1135 892 s.

502 929 631 996 Summa
642 931 673 1015 vj
684 930 719 995 li.
729 930 784 1015 xvj
795 953 819 994 s.
831 930 863 1015 vj
874 929 907 995 d.
931 931 974 994 Et
985 931 1029 994 sio
1040 939 1202 995 remanent
1213 928 1268 1013 viij
1280 927 1314 992 li.
1330 951 1352 991 v
1361 950 1385 991 s.
1397 925 1443 1010 vij
1456 926 1491 990 d.

544 1032 593 1097 De
608 1033 721 1120 quibus
735 1032 853 1098 habent
867 1032 1062 1118 respondere.

328 1239 510 1307 Wrrnau.
555 1239 655 1305 Iidem
670 1238 859 1326 respondent
873 1239 912 1304 de
927 1238 981 1323 xvj
992 1261 1015 1302 s.
1030 1237 1106 1324 vjd.
1120 1236 1161 1302 de
1175 1246 1308 1324 quatuor
1322 1233 1494 1322 quarteriis

284 1352 317 1406 et
338 1341 470 1406 dimidio
493 1342 644 1407 frumenti
663 1342 703 1407 de
725 1342 812 1407 exitu
834 1341 971 1428 Grangie
986 1340 1123 1406 venditis
1137 1338 1331 1418 Eschaetori,
1346 1336 1490 1425 pretium

285 1442 435 1529 quartarii
455 1444 489 1528 iij
501 1436 602 1527 aviij
614 1444 644 1508 d.
688 1444 733 1508 Et
755 1444 795 1508 de
820 1444 898 1528 xxvj
910 1467 933 1508 s.
954 1443 1018 1509 vd.
1044 1444 1093 1508 ob.
1120 1443 1160 1507 de
1181 1453 1301 1529 septem
1322 1437 1494 1527 quarteriis

284 1556 418 1633 quatuor
441 1547 582 1612 bussellis
606 1558 638 1612 et
661 1548 794 1613 dimidio
815 1547 948 1634 siliginis
971 1547 1109 1612 venditis
1132 1545 1325 1624 Eschaetori‚
1347 1545 1491 1632 pretium

282 1649 433 1736 quarterii
459 1651 530 1735 iijs.
558 1651 632 1735 vjd.
677 1650 721 1715 Et
746 1650 786 1715 de
809 1651 887 1735 xviij
900 1650 931 1714 d.
958 1649 998 1715 de
1022 1662 1157 1736 quatuor
1182 1648 1322 1714 bussellis
1345 1647 1489 1734 pisarum

283 1752 421 1817 venditis
435 1752 547 1817 eidem.
593 1752 637 1819 Et
651 1753 691 1818 de
706 1753 760 1837 viij
774 1775 796 1816 s.
811 1752 868 1836 viij
879 1752 911 1817 d.
927 1751 978 1816 ob.
994 1751 1034 1816 de
1049 1751 1172 1815 duobus
1186 1749 1350 1837 quarteriis
1363 1759 1489 1836 septem

282 1855 424 1920 bussellis
438 1856 524 1920 ordei
542 1855 645 1921 eidem
660 1854 807 1936 venditis,
830 1854 966 1942 pretium
989 1854 1138 1941 quarterii
1159 1854 1193 1938 iij
1206 1877 1229 1918 a
1274 1852 1319 1917 Et
1333 1853 1374 1918 de
1392 1853 1440 1937 vij
1454 1852 1491 1916 li.

283 1958 340 2021 xix
351 1981 375 2022 s.
389 1959 412 2043 ij
426 1958 455 2023 d.
471 1982 523 2046 qu.
539 1959 580 2024 de
594 1959 793 2046 septuaginta
814 1969 846 2023 et
868 1981 983 2023 novem
1005 1958 1169 2045 quarteriis
1191 1968 1324 2045 quatuor
1343 1957 1492 2023 bussellis

283 2073 315 2125 et
329 2060 462 2125 dimidio
477 2084 575 2126 avene
590 2061 692 2126 eidem
707 2060 853 2139 venditis,
868 2060 1005 2147 pretium
1024 2060 1174 2146 quarterii
1193 2060 1215 2144 ij
1229 2083 1253 2126 s.
1299 2059 1343 2124 Et
1364 2057 1406 2124 de
1428 2082 1452 2123 x
1462 2082 1490 2123 s.

283 2184 308 2224 x
318 2161 349 2224 d.
365 2162 404 2226 de
418 2162 519 2226 tribus
533 2163 697 2249 quarteriis
710 2162 833 2228 duobus
847 2162 988 2227 bussellis
1009 2162 1144 2249 siliginis
1165 2161 1302 2228 venditis
1324 2161 1490 2249 preposito

283 2263 375 2328 electi
389 2264 429 2329 ad
448 2265 665 2330 liberationem
687 2265 884 2329 famulorum.
930 2264 973 2329 Et
994 2264 1034 2329 de
1048 2288 1071 2328 x
1080 2264 1113 2328 li.
1128 2265 1185 2349 xiij
1198 2288 1221 2329 s.
1236 2265 1270 2329 iv
1281 2265 1312 2328 d.
1327 2263 1367 2330 de
1381 2264 1491 2329 omni·

284 2366 385 2429 modis
400 2366 499 2431 bladis
514 2379 645 2453 excepta
659 2390 757 2430 avena
773 2366 903 2431 residuis
917 2366 1054 2431 venditis
1069 2367 1103 2430 in
1117 2390 1224 2454 grosso
1239 2390 1295 2454 per
1314 2366 1490 2431 estimatio·

282 2490 355 2530 nem
371 2468 526 2532 contentis
539 2468 572 2532 in
590 2468 778 2532 inventario.
824 2468 905 2533 Item
927 2469 1115 2556 respondent
1137 2469 1176 2534 de
1197 2469 1243 2553 xij
1254 2469 1289 2535 li.
1312 2467 1352 2533 de
1373 2480 1492 2555 quater

284 2569 400 2656 viginti
414 2570 492 2634 aeris
506 2570 666 2634 seminatis
680 2569 718 2634 de
734 2572 891 2635 frumento
902 2570 1038 2635 venditis
1052 2570 1163 2648 electo,
1178 2571 1315 2657 pretium
1330 2592 1401 2634 aare
1416 2570 1450 2654 iij
1463 2593 1490 2635 s.

284 2671 327 2735 Et
342 2671 380 2735 de
396 2672 427 2756 vj
439 2671 471 2735 li.
486 2696 509 2735 x
521 2695 544 2736 s.
562 2672 601 2737 de
612 2670 841 2758 quinquaginta
856 2683 888 2736 et
902 2671 1023 2736 duabus
1038 2673 1116 2736 aeris
1130 2672 1170 2737 de
1185 2672 1310 2758 siligine
1325 2672 1493 2738 seminatis

283 2773 427 2839 similiter
448 2773 548 2839 electo
565 2773 701 2839 venditis
722 2796 778 2860 per
801 2772 938 2860 pretium
961 2796 1032 2839 acre
1051 2774 1108 2858 ijs.
1123 2773 1154 2858 vj
1170 2774 1201 2838 d.
1246 2773 1290 2839 Et
1305 2773 1345 2839 de
1359 2773 1396 2838 lx
1406 2797 1431 2841 s.
1447 2774 1492 2842 de

282 2874 354 2940 feno
369 2888 400 2940 et
416 2875 535 2963 foragio
550 2876 594 2940 sic
608 2876 642 2939 in
659 2874 840 2941 Inventurio
855 2876 1044 2962 appretiatis.

949 2977 1078 3044 Summa
1092 2979 1161 3065 xliij
1175 2980 1208 3044 li.
1223 2980 1255 3065 vj
1267 3003 1288 3044 s
1305 3003 1327 3043 v
1339 2978 1371 3044 d.
1388 3003 1442 3067 qu.

328 3185 371 3250 Et
385 3197 498 3273 potunt
513 3208 544 3248 se
560 3185 721 3249 exonerari
744 3185 783 3249 de
805 3186 839 3248 xl
849 3209 872 3248 s.
896 3185 935 3250 de
958 3185 1029 3248 feno
1051 3198 1084 3249 et
1105 3184 1225 3271 foragio
1247 3182 1431 3271 appretiatis
1454 3186 1493 3249 in

285 3287 466 3353 Inventario
481 3288 518 3352 ad
536 3288 568 3351 lx
580 3311 603 3351 s.
619 3286 755 3374 eoquod
771 3288 810 3352 de
825 3287 909 3351 dicto
926 3289 997 3352 seno
1011 3303 1044 3353 et
1059 3288 1178 3376 foragio
1193 3300 1319 3374 captum
1343 3285 1406 3381 fuit
1428 3311 1493 3375 per

286 3393 504 3457 Esehaetorem
527 3404 559 3456 et
581 3404 800 3477 consumptum
824 3414 880 3478 per
901 3391 967 3474 ejus
988 3391 1146 3456 ministros
1167 3401 1275 3456 eoutra
1289 3390 1495 3456 voluntatem

288 3493 501 3558 Exeeutorum
517 3494 557 3559 ad
573 3493 800 3559 estimationem
816 3493 850 3557 xi
860 3517 883 3557 s.
898 3506 931 3558 et
944 3494 1018 3559 inde
1033 3516 1204 3581 expensum
1216 3492 1249 3556 in
1261 3492 1498 3561 sustentatione

285 3596 465 3660 animalium
481 3597 621 3663 defuncti
637 3598 676 3663 ad
691 3597 919 3662 estimationem
936 3597 1015 3659 xxix
1027 3620 1050 3660 s.

502 3698 631 3762 Summa
645 3700 874 3763 exonerationis
885 3698 1045 3786 petitionis
1056 3698 1096 3762 do
1106 3697 1207 3784 pretio
1219 3696 1395 3761 luventarii
1406 3697 1500 3767 ultra

543 3800 678 3885 pretium
693 3800 767 3864 inde
782 3801 815 3862 iu
831 3800 966 3865 denariis
981 3801 1020 3865 de
1036 3823 1099 3886 quo
1123 3824 1154 3864 se
1177 3811 1309 3864 onerant
1332 3809 1370 3863 ut
1394 3822 1500 3888 supra

543 3900 576 3961 xl
585 3924 608 3963 s.
654 3901 697 3964 Et
720 3901 764 3964 sic
790 3915 951 3967 remanent
973 3902 1120 3965 xxxixli.
1145 3902 1177 3987 vj
1191 3925 1214 3967 s.
1240 3901 1304 3966 vd.
1335 3924 1389 3987 qu.
1442 3903 1500 3972 De

671 4002 784 4086 quibus
798 4002 914 4068 habent
929 4006 1122 4092 respondere.
