3562 4822
218 347 256 406 18
509 364 678 413 sccouur
694 366 741 414 or
758 367 834 413 run
850 366 1060 414 nxncurous
1075 367 1121 414 or

259 513 443 582 Takeina.
490 518 590 584 Iidem
606 520 795 607 respondent
808 521 848 586 de
862 520 932 605 xiiij
946 521 980 585 li.
994 521 1039 605 vij
1050 544 1073 584 s.
1085 520 1098 604 j
1113 520 1185 585 den.
1200 543 1253 607 qu.
1269 518 1309 583 de
1330 538 1409 581 arre-

214 615 309 703 ragiis
322 619 427 684 ultimi
442 623 580 708 compoti
595 624 744 710 prepositi
759 624 886 688 ibidem.
933 623 976 686 Et
991 622 1030 687 de
1044 624 1078 707 iij
1090 646 1113 686 s.
1135 622 1191 708 viiJ'
1205 623 1277 686 den.
1292 621 1346 686 ob.
1360 641 1408 705 qu.

215 717 254 783 dc
269 744 357 787 caseo
372 738 403 788 et
418 725 479 788 alio
494 727 584 791 exitu
604 728 736 791 manerii
757 727 886 791 vendito
906 725 1034 790 ibidem.
1082 726 1124 790 Et
1147 726 1186 790 de
1211 724 1268 808 xiij
1282 723 1316 788 li.
1343 722 1409 785 ixa

213 822 317 886 xdeu.
333 849 385 912 qu.
408 827 448 891 de
469 839 537 891 toto
558 829 651 893 blado
675 829 792 893 ibidem
817 828 945 893 vendito
967 842 1071 913 preter
1095 827 1224 892 bladum
1245 826 1412 890 liberatum

214 924 296 1013 Regi
311 942 343 992 et
358 930 457 994 electo
482 953 538 1016 pro
562 931 740 994 necessariis
755 930 895 995 manerii.
942 930 985 993 Et
999 930 1038 994 de
1056 930 1148 1013 xxiiij
1161 929 1195 995 li.
1218 928 1272 1012 va'
1286 952 1309 992 s.
1324 927 1371 1011 iiij
1381 927 1411 991 d.

96 1021 100 1027 ’
213 1027 252 1092 dc
267 1031 298 1112 vJ'
315 1031 400 1095 affris
414 1032 494 1115 xxiij
512 1033 610 1097 bobus
625 1046 657 1098 et
671 1033 741 1117 xiiij
758 1034 860 1098 vaccis
870 1034 883 1116 j
901 1045 990 1097 tauro
1000 1057 1020 1094 v
1032 1033 1187 1098 boviculis
1201 1033 1234 1115 iij
1248 1031 1411 1096 annalibus

212 1129 245 1211 iij
260 1129 416 1197 hurtardis
429 1135 553 1219 ccxxiij
565 1135 676 1201 ovibus
685 1136 867 1200 matricibus
880 1136 951 1200 xlix
966 1136 1055 1222 agnis
1067 1150 1099 1200 et
1111 1136 1133 1219 ij
1146 1135 1249 1221 porcis
1262 1134 1409 1200 venditis.

213 1230 257 1295 Et
271 1232 311 1296 de
325 1258 349 1296 x
361 1258 381 1298 s
400 1237 432 1320 vj
445 1236 517 1300 den.
527 1238 579 1302 ob.
595 1238 634 1302 dc
649 1238 683 1322 iiJ'
698 1238 827 1303 carectis
842 1251 874 1303 et
889 1238 950 1301 alio
966 1251 1092 1301 mortuo
1107 1237 1248 1302 instauro
1263 1236 1409 1302 venditis.

770 1339 899 1404 Summa
913 1340 958 1423 liij
972 1339 1005 1402 li.
1021 1340 1064 1423 vij
1076 1363 1098 1403 s.
1114 1340 1145 1424 vJ'
1159 1339 1229 1403 deu.
1244 1339 1296 1404 ob.
1311 1362 1365 1425 qu.

255 1539 408 1606 PENRYN
426 1543 665 1610 FORINSECUS.
700 1545 800 1609 Iidem
816 1545 1004 1631 respondent
1015 1545 1055 1609 de
1066 1545 1121 1628 xxj
1135 1543 1169 1606 li.
1184 1544 1205 1626 ij
1219 1566 1243 1607 s.
1255 1543 1299 1627 vij
1312 1543 1342 1607 d.
1358 1544 1409 1608 ob.

210 1747 307 1812 coreis
322 1760 354 1812 ct
369 1750 430 1813 alio
445 1750 534 1815 exitu
550 1753 681 1817 manerii
696 1752 833 1817 venditis
855 1750 985 1814 ibidem.
1030 1749 1073 1812 Et
1095 1749 1135 1812 de
1156 1748 1212 1832 xxj
1226 1771 1250 1812 s.
1265 1749 1300 1810 ix
1310 1747 1341 1812 d.
1356 1748 1409 1813 ob.

209 1853 248 1918 de
263 1854 356 1917 blado
370 1855 488 1920 ibidem
504 1858 732 1942 particulariter
747 1856 886 1921 vendite.
932 1854 976 1917 Et
991 1853 1030 1917 dc
1046 1852 1126 1935 xxiij
1138 1851 1170 1915 li.
1186 1850 1225 1915 dc
1240 1850 1333 1915 blado
1348 1851 1407 1915 ibi·

209 1954 280 2018 dem
295 1956 328 2018 in
344 1980 450 2040 grosso
465 1959 594 2022 vendito
616 1972 720 2044 preter
741 1958 869 2023 bladum
884 1956 1049 2020 liberatum
1074 1953 1155 2039 Regi
1177 1965 1209 2016 et
1230 1953 1329 2016 electo
1351 1976 1409 2039 pro

209 2056 387 2120 necessariis
401 2058 542 2120 manerii.
588 2059 631 2122 Et
646 2060 685 2122 de
700 2059 779 2140 xxiij
794 2058 827 2121 li.
842 2057 898 2138 viiJ
913 2080 936 2119 s.
952 2080 975 2118 x
985 2056 1016 2119 d.
1032 2055 1071 2118 de
1087 2079 1108 2117 v
1130 2054 1216 2118 affris
1237 2077 1283 2116 xx
1308 2054 1409 2120 bobus

205 2156 218 2237 j
236 2167 325 2218 tauro
340 2156 408 2237 xiiij
431 2158 534 2220 vaccis
544 2159 557 2239 j
575 2158 679 2221 annali
696 2159 728 2240 iiJ'
754 2158 862 2220 vitulis
878 2156 963 2239 iiijuj
980 2155 1176 2220 multonibus
1198 2155 1230 2240 iij
1248 2155 1408 2222 hurtardis

209 2257 327 2340 vij¹¹xv
342 2257 452 2322 ovibus
474 2259 655 2324 matricibus
669 2261 713 2342 le'
731 2260 820 2345 agnis
842 2259 864 2343 ij
881 2258 981 2342 capris
996 2258 1175 2322 masculinis
1196 2257 1288 2342 xxiiij
1306 2259 1408 2345 capris

209 2357 369 2422 femininis
384 2358 428 2441 iiij
453 2359 555 2444 porcis
569 2359 716 2424 venditis.
763 2360 806 2423 Et
821 2360 860 2423 de
875 2358 943 2443 xxij
957 2383 981 2425 s.
1007 2361 1040 2444 xJ'
1054 2360 1086 2423 d.
1112 2360 1151 2424 de
1172 2360 1186 2443 J
1212 2361 1351 2446 plaustro
1373 2375 1407 2427 et

208 2458 270 2523 alio
286 2473 409 2527 mortuo
424 2463 563 2528 instauro
577 2462 694 2528 ibidem
709 2462 850 2528 vendito.

913 2565 1042 2632 Summa
1057 2563 1127 2627 lxix
1135 2564 1159 2627 li
1184 2564 1217 2649 iij
1228 2588 1252 2630 s.
1263 2566 1277 2649 j
1291 2566 1362 2631 den.

254 2770 442 2838 Kraneia.
487 2772 587 2837 Iidem
603 2772 792 2859 respondent
807 2771 845 2836 de
863 2769 942 2854 xviij
956 2769 990 2833 li.
1014 2768 1047 2854 xj
1061 2792 1085 2833 s.
1112 2767 1167 2851 viij
1179 2768 1249 2832 den.
1276 2769 1327 2835 ob.
1353 2794 1407 2857 qu.

208 2872 248 2936 de
262 2873 423 2960 arreragiis
438 2873 543 2937 ultimi
558 2874 696 2960 compoti
711 2872 861 2960 prepositi
886 2871 1015 2936 ibidem.
1060 2870 1104 2934 Et
1129 2869 1168 2934 dc
1192 2870 1228 2932 ix
1238 2892 1261 2934 s.
1286 2871 1322 2933 ix
1333 2872 1406 2938 den.

208 2972 259 3036 ob.
275 2974 314 3037 de
329 2997 417 3038 caseo
432 2988 463 3039 et
478 2975 539 3038 alio
554 2975 644 3038 exitu
659 2975 790 3039 manerii
806 2974 934 3038 ibidem.
980 2973 1024 3036 Et
1039 2972 1078 3036 de
1092 2996 1113 3034 v
1123 2994 1146 3035 e.
1158 2972 1171 3055 j
1185 2971 1215 3035 d.
1232 2972 1281 3036 ob.
1297 2996 1348 3059 qu.
1364 2974 1405 3039 de

207 3074 300 3140 blado
315 3076 432 3140 ibidem
449 3075 676 3163 particulariter
690 3075 828 3139 vendite.
874 3074 918 3138 Et
933 3074 972 3139 de
987 3073 1078 3158 lxxvj
1090 3097 1112 3138 a.
1129 3073 1169 3138 de
1190 3074 1289 3138 veteri
1311 3075 1403 3140 blado

207 3179 336 3244 vendito
352 3179 491 3244 Domino
508 3177 667 3265 Stephano
683 3178 833 3264 Beauprc.
880 3176 923 3240 Et
937 3177 977 3241 de
998 3164 1065 3239 xxv
1075 3176 1108 3241 li.
1124 3175 1163 3241 de
1177 3176 1270 3242 blado
1285 3177 1402 3243 ibidem

205 3280 238 3344 in
253 3306 359 3369 grosso
375 3282 504 3347 vendito
519 3293 622 3368 preter
637 3281 764 3345 bladum
780 3280 947 3344 liberatum
964 3278 1045 3366 Regi
1059 3292 1091 3344 ct
1106 3280 1206 3345 electo
1228 3303 1284 3367 pro
1299 3304 1404 3348 neces·

206 3385 292 3448 suriis
307 3384 448 3450 manerii.
495 3384 538 3448 Et
552 3385 593 3449 de
614 3401 694 3449 cxs.
722 3382 777 3466 viij
789 3382 859 3447 den.
882 3382 932 3445 ob.
956 3405 1007 3468 qu.
1034 3382 1073 3446 de
1098 3381 1192 3446 blado
1217 3384 1346 3449 vendito
1368 3385 1403 3450 in

205 3481 267 3546 fine
282 3485 420 3570 compoti
435 3485 562 3551 ibidem.
608 3485 651 3549 Et
666 3484 705 3549 de
713 3483 782 3569 xliij
795 3484 829 3549 li.
844 3483 878 3547 ix
890 3506 912 3547 s.
927 3483 949 3567 iJ'
963 3483 1033 3547 deu.
1046 3483 1085 3548 de
1099 3483 1142 3566 vij
1154 3483 1237 3548 affris
1247 3485 1261 3569 j
1274 3486 1402 3572 pullano

204 3605 296 3645 xxxv
310 3584 410 3648 bobus
425 3585 446 3669 ij
463 3586 560 3649 tauris
574 3586 609 3648 xl
623 3585 725 3650 vaccis
740 3585 784 3670 vij
801 3585 953 3650 boviculis
975 3584 1018 3669 viJ'
1035 3585 1143 3649 vitulis
1166 3585 1221 3670 viiJ'
1244 3587 1401 3652 hurtardis

204 3683 259 3767 viij
271 3684 463 3750 multonibus
474 3689 549 3771 ccej
562 3688 672 3752 ovibus
684 3688 864 3753 matricibus
875 3688 955 3772 lxiiij
968 3688 1058 3775 agnis
1066 3699 1099 3752 ct
1110 3712 1131 3752 v
1143 3688 1243 3774 porcis
1255 3690 1400 3754 venditis.

205 3783 248 3851 Et
263 3783 301 3849 de
316 3808 363 3849 xx
373 3808 395 3849 s.
411 3809 434 3849 x
445 3787 474 3851 d.
492 3787 531 3851 de
542 3788 555 3871 j
572 3790 710 3874 plaustro
722 3789 830 3853 et’alio
840 3802 965 3854 mortuo
976 3789 1115 3853 instauro
1127 3788 1244 3853 ibidem
1256 3791 1400 3857 venditis.

690 3891 819 3956 Summa
834 3892 987 3976 iiij¹¹xviij
999 3891 1031 3954 li.
1048 3892 1080 3975 iij
1093 3914 1116 3956 s.
1132 3891 1177 3975 iiij
1191 3892 1221 3956 d.
1237 3894 1288 3959 ob.
1304 3917 1355 3981 qu.
