<?xml version="1.0" encoding="UTF-8"?>
<!DOCTYPE html PUBLIC "-//W3C//DTD XHTML 1.0 Transitional//EN"
    "http://www.w3.org/TR/xhtml1/DTD/xhtml1-transitional.dtd">
<html xmlns="http://www.w3.org/1999/xhtml" xml:lang="en" lang="en">
 <head>
  <title>
</title>
<meta http-equiv="Content-Type" content="text/html;charset=utf-8" />
  <meta name='ocr-system' content='tesseract 3.04.00' />
  <meta name='ocr-capabilities' content='ocr_page ocr_carea ocr_par ocr_line ocrx_word'/>
</head>
<body>
  <div class='ocr_page' id='page_1' title='image "accountexecutor00ellagoog_0147.png"; bbox 0 0 3562 4822; ppageno 0'>
   <div class='ocr_carea' id='block_1_1' title="bbox 285 463 1197 523">
    <p class='ocr_par' dir='ltr' id='par_1_1' title="bbox 285 463 1197 523">
     <span class='ocr_line' id='line_1_1' title="bbox 285 463 1197 523; baseline -0.007 0"><span class='ocrx_word' id='word_1_1' title='bbox 285 463 326 523; x_wconf 84' lang='grc'><strong>92</strong></span> <span class='ocrx_word' id='word_1_2' title='bbox 577 471 747 521; x_wconf 78' lang='lat' dir='ltr'><strong>accousu</strong></span> <span class='ocrx_word' id='word_1_3' title='bbox 762 474 811 520; x_wconf 81' lang='lat' dir='ltr'><strong>os</strong></span> <span class='ocrx_word' id='word_1_4' title='bbox 828 473 902 519; x_wconf 76' lang='lat' dir='ltr'><strong>nnn</strong></span> <span class='ocrx_word' id='word_1_5' title='bbox 918 470 1134 520; x_wconf 79' lang='lat' dir='ltr'><strong>axscusons</strong></span> <span class='ocrx_word' id='word_1_6' title='bbox 1147 470 1197 519; x_wconf 76' lang='lat' dir='ltr'><strong>os</strong></span> 
     </span>
    </p>
   </div>
   <div class='ocr_carea' id='block_1_2' title="bbox 281 625 1528 2460">
    <p class='ocr_par' dir='ltr' id='par_1_2' title="bbox 281 625 1528 2460">
     <span class='ocr_line' id='line_1_2' title="bbox 282 625 1526 715; baseline -0.002 -21"><span class='ocrx_word' id='word_1_7' title='bbox 282 628 391 715; x_wconf 84' lang='lat' dir='ltr'><strong>capitis</strong></span> <span class='ocrx_word' id='word_1_8' title='bbox 406 629 437 713; x_wconf 89' lang='lat' dir='ltr'><strong>vj</strong></span> <span class='ocrx_word' id='word_1_9' title='bbox 450 651 473 691; x_wconf 90' lang='lat' dir='ltr'><strong>s.</strong></span> <span class='ocrx_word' id='word_1_10' title='bbox 488 627 544 713; x_wconf 80' lang='lat' dir='ltr'><strong>viij</strong></span> <span class='ocrx_word' id='word_1_11' title='bbox 554 628 586 692; x_wconf 91' lang='grc'><strong>(1.</strong></span> <span class='ocrx_word' id='word_1_12' title='bbox 601 627 740 692; x_wconf 86' lang='lat' dir='ltr'><strong>liberatis</strong></span> <span class='ocrx_word' id='word_1_13' title='bbox 753 627 863 693; x_wconf 88' lang='lat' dir='ltr'><strong>Electo</strong></span> <span class='ocrx_word' id='word_1_14' title='bbox 878 642 954 692; x_wconf 90' lang='lat' dir='ltr'><strong>tunc</strong></span> <span class='ocrx_word' id='word_1_15' title='bbox 975 650 1033 714; x_wconf 84' lang='lat' dir='ltr'><strong>pro</strong></span> <span class='ocrx_word' id='word_1_16' title='bbox 1056 626 1263 714; x_wconf 85' lang='lat' dir='ltr'><strong>inplcmento.</strong></span> <span class='ocrx_word' id='word_1_17' title='bbox 1315 625 1368 690; x_wconf 89' lang='lat' dir='ltr'><strong>Et</strong></span> <span class='ocrx_word' id='word_1_18' title='bbox 1385 625 1434 692; x_wconf 88' lang='lat' dir='ltr'><strong>de</strong></span> <span class='ocrx_word' id='word_1_19' title='bbox 1450 627 1526 710; x_wconf 80' lang='lat' dir='ltr'><strong>vjs.</strong></span> 
     </span>
     <span class='ocr_line' id='line_1_3' title="bbox 282 728 1526 816; baseline 0.002 -23"><span class='ocrx_word' id='word_1_20' title='bbox 282 731 338 814; x_wconf 76' lang='lat' dir='ltr'><strong>viij</strong></span> <span class='ocrx_word' id='word_1_21' title='bbox 351 731 382 794; x_wconf 90' lang='lat' dir='ltr'><strong>d.</strong></span> <span class='ocrx_word' id='word_1_22' title='bbox 397 730 436 794; x_wconf 88' lang='lat' dir='ltr'><strong>dc</strong></span> <span class='ocrx_word' id='word_1_23' title='bbox 452 753 516 794; x_wconf 91' lang='lat' dir='ltr'><strong>uno</strong></span> <span class='ocrx_word' id='word_1_24' title='bbox 531 742 626 795; x_wconf 91' lang='lat' dir='ltr'><strong>stotto</strong></span> <span class='ocrx_word' id='word_1_25' title='bbox 641 729 781 794; x_wconf 87' lang='lat' dir='ltr'><strong>vendito.</strong></span> <span class='ocrx_word' id='word_1_26' title='bbox 816 730 859 794; x_wconf 88' lang='lat' dir='ltr'><strong>Et</strong></span> <span class='ocrx_word' id='word_1_27' title='bbox 875 730 914 795; x_wconf 90' lang='lat' dir='ltr'><strong>de</strong></span> <span class='ocrx_word' id='word_1_28' title='bbox 930 754 993 794; x_wconf 91' lang='lat' dir='ltr'><strong>uno</strong></span> <span class='ocrx_word' id='word_1_29' title='bbox 1009 730 1071 795; x_wconf 89' lang='lat' dir='ltr'><strong>alio</strong></span> <span class='ocrx_word' id='word_1_30' title='bbox 1085 741 1181 795; x_wconf 89' lang='lat' dir='ltr'><strong>stotto</strong></span> <span class='ocrx_word' id='word_1_31' title='bbox 1195 728 1297 816; x_wconf 89' lang='lat' dir='ltr'><strong>pretii</strong></span> <span class='ocrx_word' id='word_1_32' title='bbox 1314 731 1350 814; x_wconf 86' lang='lat' dir='ltr'><strong>vj</strong></span> <span class='ocrx_word' id='word_1_33' title='bbox 1363 753 1395 794; x_wconf 86' lang='lat' dir='ltr'><strong>a.</strong></span> <span class='ocrx_word' id='word_1_34' title='bbox 1412 730 1478 815; x_wconf 81' lang='lat' dir='ltr'><strong>viij</strong></span> <span class='ocrx_word' id='word_1_35' title='bbox 1491 731 1526 795; x_wconf 77' lang='grc'><strong>(1</strong></span> 
     </span>
     <span class='ocr_line' id='line_1_4' title="bbox 284 831 1526 920; baseline 0 -22"><span class='ocrx_word' id='word_1_36' title='bbox 284 835 397 899; x_wconf 80' lang='lat' dir='ltr'><strong>furato.</strong></span> <span class='ocrx_word' id='word_1_37' title='bbox 443 833 486 898; x_wconf 84' lang='lat' dir='ltr'><strong>Et</strong></span> <span class='ocrx_word' id='word_1_38' title='bbox 508 832 547 897; x_wconf 92' lang='lat' dir='ltr'><strong>de</strong></span> <span class='ocrx_word' id='word_1_39' title='bbox 570 831 688 918; x_wconf 84' lang='lat' dir='ltr'><strong>viginti</strong></span> <span class='ocrx_word' id='word_1_40' title='bbox 711 843 743 896; x_wconf 86' lang='lat' dir='ltr'><strong>at</strong></span> <span class='ocrx_word' id='word_1_41' title='bbox 765 854 829 896; x_wconf 89' lang='lat' dir='ltr'><strong>uno</strong></span> <span class='ocrx_word' id='word_1_42' title='bbox 844 832 944 897; x_wconf 87' lang='lat' dir='ltr'><strong>bobus</strong></span> <span class='ocrx_word' id='word_1_43' title='bbox 958 833 1051 919; x_wconf 86' lang='lat' dir='ltr'><strong>pretii</strong></span> <span class='ocrx_word' id='word_1_44' title='bbox 1066 831 1131 897; x_wconf 85' lang='lat' dir='ltr'><strong>xli.</strong></span> <span class='ocrx_word' id='word_1_45' title='bbox 1146 854 1204 895; x_wconf 84' lang='lat' dir='ltr'><strong>xa.</strong></span> <span class='ocrx_word' id='word_1_46' title='bbox 1220 831 1375 918; x_wconf 88' lang='lat' dir='ltr'><strong>pretium</strong></span> <span class='ocrx_word' id='word_1_47' title='bbox 1397 833 1526 920; x_wconf 85' lang='lat' dir='ltr'><strong>capitis</strong></span> 
     </span>
     <span class='ocr_line' id='line_1_5' title="bbox 284 934 1528 1023; baseline 0 -21"><span class='ocrx_word' id='word_1_48' title='bbox 284 962 306 1002; x_wconf 88' lang='lat' dir='ltr'>x</span> <span class='ocrx_word' id='word_1_49' title='bbox 316 961 338 1001; x_wconf 91' lang='lat' dir='ltr'><strong>s.</strong></span> <span class='ocrx_word' id='word_1_50' title='bbox 354 937 494 1002; x_wconf 84' lang='lat' dir='ltr'><strong>liberatis</strong></span> <span class='ocrx_word' id='word_1_51' title='bbox 508 958 565 1023; x_wconf 90' lang='lat' dir='ltr'><strong>pro</strong></span> <span class='ocrx_word' id='word_1_52' title='bbox 581 935 784 1021; x_wconf 81' lang='lat' dir='ltr'><strong>inplcmento.</strong></span> <span class='ocrx_word' id='word_1_53' title='bbox 830 934 874 999; x_wconf 87' lang='lat' dir='ltr'><strong>Et</strong></span> <span class='ocrx_word' id='word_1_54' title='bbox 885 935 924 1000; x_wconf 88' lang='lat' dir='ltr'><strong>do</strong></span> <span class='ocrx_word' id='word_1_55' title='bbox 938 959 985 999; x_wconf 88' lang='lat' dir='ltr'><strong>xx</strong></span> <span class='ocrx_word' id='word_1_56' title='bbox 996 959 1019 1000; x_wconf 91' lang='lat' dir='ltr'><strong>s.</strong></span> <span class='ocrx_word' id='word_1_57' title='bbox 1035 935 1074 1000; x_wconf 90' lang='lat' dir='ltr'><strong>de</strong></span> <span class='ocrx_word' id='word_1_58' title='bbox 1089 936 1212 1001; x_wconf 88' lang='lat' dir='ltr'><strong>duobus</strong></span> <span class='ocrx_word' id='word_1_59' title='bbox 1227 935 1336 999; x_wconf 87' lang='lat' dir='ltr'><strong>bobus</strong></span> <span class='ocrx_word' id='word_1_60' title='bbox 1352 936 1528 1002; x_wconf 74' lang='lat' dir='ltr'><strong>venditis,</strong></span> 
     </span>
     <span class='ocr_line' id='line_1_6' title="bbox 286 1036 1528 1125; baseline -0.004 -19"><span class='ocrx_word' id='word_1_61' title='bbox 286 1041 330 1106; x_wconf 90' lang='lat' dir='ltr'><strong>Et</strong></span> <span class='ocrx_word' id='word_1_62' title='bbox 344 1041 384 1106; x_wconf 84' lang='lat' dir='ltr'><strong>de</strong></span> <span class='ocrx_word' id='word_1_63' title='bbox 405 1063 469 1104; x_wconf 91' lang='lat' dir='ltr'><strong>uno</strong></span> <span class='ocrx_word' id='word_1_64' title='bbox 492 1040 572 1103; x_wconf 86' lang='lat' dir='ltr'><strong>bove</strong></span> <span class='ocrx_word' id='word_1_65' title='bbox 597 1038 689 1125; x_wconf 85' lang='lat' dir='ltr'><strong>pretii</strong></span> <span class='ocrx_word' id='word_1_66' title='bbox 709 1061 767 1102; x_wconf 89' lang='lat' dir='ltr'><strong>xa.</strong></span> <span class='ocrx_word' id='word_1_67' title='bbox 781 1038 816 1101; x_wconf 92' lang='lat' dir='ltr'><strong>in</strong></span> <span class='ocrx_word' id='word_1_68' title='bbox 840 1038 971 1102; x_wconf 84' lang='lat' dir='ltr'><strong>marina.</strong></span> <span class='ocrx_word' id='word_1_69' title='bbox 1016 1038 1061 1103; x_wconf 87' lang='lat' dir='ltr'><strong>Et</strong></span> <span class='ocrx_word' id='word_1_70' title='bbox 1082 1038 1121 1103; x_wconf 91' lang='lat' dir='ltr'><strong>de</strong></span> <span class='ocrx_word' id='word_1_71' title='bbox 1142 1037 1230 1101; x_wconf 87' lang='lat' dir='ltr'><strong>xxd.</strong></span> <span class='ocrx_word' id='word_1_72' title='bbox 1247 1036 1290 1101; x_wconf 88' lang='lat' dir='ltr'><strong>de</strong></span> <span class='ocrx_word' id='word_1_73' title='bbox 1315 1039 1417 1103; x_wconf 83' lang='lat' dir='ltr'><strong>corio</strong></span> <span class='ocrx_word' id='word_1_74' title='bbox 1440 1038 1528 1103; x_wconf 92' lang='lat' dir='ltr'><strong>dicti</strong></span> 
     </span>
     <span class='ocr_line' id='line_1_7' title="bbox 284 1139 1524 1225; baseline -0.002 -18"><span class='ocrx_word' id='word_1_75' title='bbox 284 1145 374 1208; x_wconf 86' lang='lat' dir='ltr'><strong>bovis</strong></span> <span class='ocrx_word' id='word_1_76' title='bbox 397 1144 431 1208; x_wconf 95' lang='lat' dir='ltr'><strong>in</strong></span> <span class='ocrx_word' id='word_1_77' title='bbox 457 1142 578 1206; x_wconf 87' lang='lat' dir='ltr'><strong>morina</strong></span> <span class='ocrx_word' id='word_1_78' title='bbox 602 1141 741 1206; x_wconf 88' lang='lat' dir='ltr'><strong>vendito.</strong></span> <span class='ocrx_word' id='word_1_79' title='bbox 787 1141 830 1204; x_wconf 88' lang='lat' dir='ltr'><strong>Et</strong></span> <span class='ocrx_word' id='word_1_80' title='bbox 854 1140 893 1205; x_wconf 89' lang='lat' dir='ltr'><strong>de</strong></span> <span class='ocrx_word' id='word_1_81' title='bbox 917 1141 995 1225; x_wconf 88' lang='lat' dir='ltr'><strong>xviij</strong></span> <span class='ocrx_word' id='word_1_82' title='bbox 1007 1164 1030 1204; x_wconf 88' lang='lat' dir='ltr'><strong>s.</strong></span> <span class='ocrx_word' id='word_1_83' title='bbox 1046 1141 1086 1205; x_wconf 91' lang='lat' dir='ltr'><strong>de</strong></span> <span class='ocrx_word' id='word_1_84' title='bbox 1109 1140 1208 1205; x_wconf 80' lang='lat' dir='ltr'><strong>tribus</strong></span> <span class='ocrx_word' id='word_1_85' title='bbox 1232 1139 1337 1203; x_wconf 83' lang='lat' dir='ltr'><strong>tauris</strong></span> <span class='ocrx_word' id='word_1_86' title='bbox 1362 1141 1524 1205; x_wconf 85' lang='lat' dir='ltr'><strong>venditis</strong></span> 
     </span>
     <span class='ocr_line' id='line_1_8' title="bbox 288 1241 1525 1332; baseline -0.001 -24"><span class='ocrx_word' id='word_1_87' title='bbox 288 1245 543 1331; x_wconf 78' lang='lat' dir='ltr'><strong>Arcliiepiscopo,</strong></span> <span class='ocrx_word' id='word_1_88' title='bbox 560 1245 696 1330; x_wconf 89' lang='lat' dir='ltr'><strong>pretium</strong></span> <span class='ocrx_word' id='word_1_89' title='bbox 712 1244 823 1332; x_wconf 87' lang='lat' dir='ltr'><strong>capitia</strong></span> <span class='ocrx_word' id='word_1_90' title='bbox 837 1245 868 1327; x_wconf 89' lang='lat' dir='ltr'><strong>vj</strong></span> <span class='ocrx_word' id='word_1_91' title='bbox 880 1266 904 1308; x_wconf 88' lang='lat' dir='ltr'><strong>a.</strong></span> <span class='ocrx_word' id='word_1_92' title='bbox 951 1243 994 1307; x_wconf 89' lang='lat' dir='ltr'><strong>Et</strong></span> <span class='ocrx_word' id='word_1_93' title='bbox 1009 1243 1048 1307; x_wconf 91' lang='lat' dir='ltr'><strong>de</strong></span> <span class='ocrx_word' id='word_1_94' title='bbox 1071 1243 1103 1327; x_wconf 87' lang='lat' dir='ltr'><strong>xj</strong></span> <span class='ocrx_word' id='word_1_95' title='bbox 1115 1242 1148 1306; x_wconf 90' lang='lat' dir='ltr'><strong>li.</strong></span> <span class='ocrx_word' id='word_1_96' title='bbox 1167 1242 1200 1305; x_wconf 83' lang='lat' dir='ltr'><strong>iv</strong></span> <span class='ocrx_word' id='word_1_97' title='bbox 1211 1264 1235 1305; x_wconf 91' lang='lat' dir='ltr'><strong>s.</strong></span> <span class='ocrx_word' id='word_1_98' title='bbox 1250 1241 1292 1306; x_wconf 87' lang='lat' dir='ltr'><strong>de</strong></span> <span class='ocrx_word' id='word_1_99' title='bbox 1317 1242 1472 1329; x_wconf 81' lang='lat' dir='ltr'><strong>triginta</strong></span> <span class='ocrx_word' id='word_1_100' title='bbox 1488 1256 1525 1308; x_wconf 89' lang='lat' dir='ltr'><strong>et</strong></span> 
     </span>
     <span class='ocr_line' id='line_1_9' title="bbox 284 1344 1521 1432; baseline 0.002 -23"><span class='ocrx_word' id='word_1_101' title='bbox 284 1345 405 1409; x_wconf 91' lang='lat' dir='ltr'><strong>duabus</strong></span> <span class='ocrx_word' id='word_1_102' title='bbox 429 1346 532 1409; x_wconf 87' lang='lat' dir='ltr'><strong>vaccis</strong></span> <span class='ocrx_word' id='word_1_103' title='bbox 555 1346 692 1409; x_wconf 86' lang='lat' dir='ltr'><strong>venditis</strong></span> <span class='ocrx_word' id='word_1_104' title='bbox 712 1345 970 1432; x_wconf 85' lang='lat' dir='ltr'><strong>Archiepiacopo‚</strong></span> <span class='ocrx_word' id='word_1_105' title='bbox 987 1345 1123 1431; x_wconf 89' lang='lat' dir='ltr'><strong>pretium</strong></span> <span class='ocrx_word' id='word_1_106' title='bbox 1138 1344 1249 1430; x_wconf 81' lang='lat' dir='ltr'><strong>capitis</strong></span> <span class='ocrx_word' id='word_1_107' title='bbox 1263 1344 1310 1429; x_wconf 84' lang='lat' dir='ltr'><strong>vij</strong></span> <span class='ocrx_word' id='word_1_108' title='bbox 1324 1367 1350 1410; x_wconf 88' lang='lat' dir='ltr'><strong>s.</strong></span> <span class='ocrx_word' id='word_1_109' title='bbox 1406 1346 1458 1410; x_wconf 88' lang='lat' dir='ltr'><strong>Et</strong></span> <span class='ocrx_word' id='word_1_110' title='bbox 1476 1348 1521 1412; x_wconf 84' lang='lat' dir='ltr'><strong>de</strong></span> 
     </span>
     <span class='ocr_line' id='line_1_10' title="bbox 284 1445 1517 1532; baseline 0.002 -21"><span class='ocrx_word' id='word_1_111' title='bbox 284 1470 339 1511; x_wconf 83' lang='lat' dir='ltr'><strong>vs.</strong></span> <span class='ocrx_word' id='word_1_112' title='bbox 355 1447 394 1511; x_wconf 91' lang='lat' dir='ltr'><strong>de</strong></span> <span class='ocrx_word' id='word_1_113' title='bbox 414 1446 537 1511; x_wconf 89' lang='lat' dir='ltr'><strong>duobus</strong></span> <span class='ocrx_word' id='word_1_114' title='bbox 559 1446 713 1512; x_wconf 86' lang='lat' dir='ltr'><strong>boviculis</strong></span> <span class='ocrx_word' id='word_1_115' title='bbox 735 1448 880 1513; x_wconf 85' lang='lat' dir='ltr'><strong>venditis.</strong></span> <span class='ocrx_word' id='word_1_116' title='bbox 927 1448 970 1512; x_wconf 87' lang='lat' dir='ltr'><strong>Et</strong></span> <span class='ocrx_word' id='word_1_117' title='bbox 992 1447 1031 1512; x_wconf 91' lang='lat' dir='ltr'><strong>de</strong></span> <span class='ocrx_word' id='word_1_118' title='bbox 1046 1446 1077 1531; x_wconf 90' lang='lat' dir='ltr'><strong>vj</strong></span> <span class='ocrx_word' id='word_1_119' title='bbox 1091 1470 1114 1511; x_wconf 89' lang='lat' dir='ltr'><strong>a.</strong></span> <span class='ocrx_word' id='word_1_120' title='bbox 1129 1446 1226 1531; x_wconf 83' lang='lat' dir='ltr'><strong>viijd</strong></span> <span class='ocrx_word' id='word_1_121' title='bbox 1244 1445 1283 1511; x_wconf 90' lang='lat' dir='ltr'><strong>de</strong></span> <span class='ocrx_word' id='word_1_122' title='bbox 1299 1445 1441 1513; x_wconf 87' lang='lat' dir='ltr'><strong>duabus</strong></span> <span class='ocrx_word' id='word_1_123' title='bbox 1460 1449 1517 1532; x_wconf 91' lang='lat' dir='ltr'><strong>ju·</strong></span> 
     </span>
     <span class='ocr_line' id='line_1_11' title="bbox 283 1548 1518 1636; baseline 0.003 -24"><span class='ocrx_word' id='word_1_124' title='bbox 283 1548 390 1612; x_wconf 82' lang='lat' dir='ltr'>veneis</span> <span class='ocrx_word' id='word_1_125' title='bbox 414 1548 562 1613; x_wconf 89' lang='lat' dir='ltr'><strong>venditis.</strong></span> <span class='ocrx_word' id='word_1_126' title='bbox 612 1548 657 1612; x_wconf 87' lang='lat' dir='ltr'><strong>Et</strong></span> <span class='ocrx_word' id='word_1_127' title='bbox 680 1549 718 1613; x_wconf 87' lang='lat' dir='ltr'><strong>da</strong></span> <span class='ocrx_word' id='word_1_128' title='bbox 741 1549 776 1612; x_wconf 85' lang='lat' dir='ltr'><strong>ix</strong></span> <span class='ocrx_word' id='word_1_129' title='bbox 787 1572 811 1615; x_wconf 90' lang='lat' dir='ltr'><strong>s.</strong></span> <span class='ocrx_word' id='word_1_130' title='bbox 835 1549 910 1614; x_wconf 84' lang='lat' dir='ltr'><strong>ivd.</strong></span> <span class='ocrx_word' id='word_1_131' title='bbox 935 1550 974 1614; x_wconf 89' lang='lat' dir='ltr'><strong>de</strong></span> <span class='ocrx_word' id='word_1_132' title='bbox 998 1563 1117 1636; x_wconf 85' lang='lat' dir='ltr'><strong>septem</strong></span> <span class='ocrx_word' id='word_1_133' title='bbox 1139 1548 1249 1612; x_wconf 83' lang='lat' dir='ltr'><strong>vitulis</strong></span> <span class='ocrx_word' id='word_1_134' title='bbox 1273 1552 1518 1635; x_wconf 86' lang='lat' dir='ltr'><strong>superannatis</strong></span> 
     </span>
     <span class='ocr_line' id='line_1_12' title="bbox 285 1650 1517 1739; baseline 0.005 -26"><span class='ocrx_word' id='word_1_135' title='bbox 285 1650 431 1727; x_wconf 85' lang='lat' dir='ltr'><strong>venditis,</strong></span> <span class='ocrx_word' id='word_1_136' title='bbox 443 1651 579 1738; x_wconf 88' lang='lat' dir='ltr'><strong>pretium</strong></span> <span class='ocrx_word' id='word_1_137' title='bbox 593 1651 703 1738; x_wconf 88' lang='lat' dir='ltr'><strong>capitis</strong></span> <span class='ocrx_word' id='word_1_138' title='bbox 718 1652 771 1735; x_wconf 85' lang='lat' dir='ltr'><strong>xvj</strong></span> <span class='ocrx_word' id='word_1_139' title='bbox 785 1652 816 1716; x_wconf 92' lang='grc'><strong>(1.</strong></span> <span class='ocrx_word' id='word_1_140' title='bbox 850 1652 893 1716; x_wconf 87' lang='lat' dir='ltr'><strong>Et</strong></span> <span class='ocrx_word' id='word_1_141' title='bbox 904 1652 943 1716; x_wconf 91' lang='lat' dir='ltr'><strong>de</strong></span> <span class='ocrx_word' id='word_1_142' title='bbox 958 1652 1037 1737; x_wconf 87' lang='lat' dir='ltr'><strong>lxvij</strong></span> <span class='ocrx_word' id='word_1_143' title='bbox 1049 1675 1074 1717; x_wconf 90' lang='lat' dir='ltr'><strong>a.</strong></span> <span class='ocrx_word' id='word_1_144' title='bbox 1086 1650 1124 1716; x_wconf 81' lang='lat' dir='ltr'><strong>clo</strong></span> <span class='ocrx_word' id='word_1_145' title='bbox 1136 1650 1299 1736; x_wconf 76' lang='lat' dir='ltr'>sexaginta</span> <span class='ocrx_word' id='word_1_146' title='bbox 1314 1664 1350 1716; x_wconf 88' lang='lat' dir='ltr'><strong>et</strong></span> <span class='ocrx_word' id='word_1_147' title='bbox 1360 1666 1517 1739; x_wconf 88' lang='lat' dir='ltr'><strong>quatuor</strong></span> 
     </span>
     <span class='ocr_line' id='line_1_13' title="bbox 282 1755 1512 1843; baseline 0.003 -24"><span class='ocrx_word' id='word_1_148' title='bbox 282 1755 480 1821; x_wconf 88' lang='lat' dir='ltr'><strong>multonibus</strong></span> <span class='ocrx_word' id='word_1_149' title='bbox 490 1768 523 1820; x_wconf 90' lang='lat' dir='ltr'><strong>et</strong></span> <span class='ocrx_word' id='word_1_150' title='bbox 538 1755 637 1820; x_wconf 85' lang='lat' dir='ltr'><strong>tribus</strong></span> <span class='ocrx_word' id='word_1_151' title='bbox 649 1755 806 1819; x_wconf 86' lang='lat' dir='ltr'><strong>hurtardis</strong></span> <span class='ocrx_word' id='word_1_152' title='bbox 819 1755 953 1820; x_wconf 87' lang='lat' dir='ltr'><strong>venditis</strong></span> <span class='ocrx_word' id='word_1_153' title='bbox 966 1755 1213 1843; x_wconf 80' lang='lat' dir='ltr'><strong>Archiepisoopo</strong></span> <span class='ocrx_word' id='word_1_154' title='bbox 1224 1767 1297 1820; x_wconf 80' lang='lat' dir='ltr'><strong>ante</strong></span> <span class='ocrx_word' id='word_1_155' title='bbox 1312 1756 1512 1823; x_wconf 79' lang='lat' dir='ltr'><strong>tonsionem</strong></span> 
     </span>
     <span class='ocr_line' id='line_1_14' title="bbox 281 1857 1509 1947; baseline 0.002 -25"><span class='ocrx_word' id='word_1_156' title='bbox 281 1859 419 1947; x_wconf 86' lang='lat' dir='ltr'><strong>pretium</strong></span> <span class='ocrx_word' id='word_1_157' title='bbox 436 1859 547 1945; x_wconf 89' lang='lat' dir='ltr'><strong>capitis</strong></span> <span class='ocrx_word' id='word_1_158' title='bbox 561 1859 606 1944; x_wconf 87' lang='lat' dir='ltr'><strong>xij</strong></span> <span class='ocrx_word' id='word_1_159' title='bbox 618 1858 648 1921; x_wconf 92' lang='lat' dir='ltr'><strong>d.</strong></span> <span class='ocrx_word' id='word_1_160' title='bbox 694 1858 738 1922; x_wconf 85' lang='lat' dir='ltr'><strong>Et</strong></span> <span class='ocrx_word' id='word_1_161' title='bbox 752 1857 792 1922; x_wconf 92' lang='lat' dir='ltr'><strong>de</strong></span> <span class='ocrx_word' id='word_1_162' title='bbox 807 1857 908 1922; x_wconf 86' lang='lat' dir='ltr'><strong>tribus</strong></span> <span class='ocrx_word' id='word_1_163' title='bbox 922 1858 1116 1924; x_wconf 87' lang='lat' dir='ltr'><strong>multonibus</strong></span> <span class='ocrx_word' id='word_1_164' title='bbox 1130 1858 1246 1922; x_wconf 90' lang='lat' dir='ltr'><strong>lanutis</strong></span> <span class='ocrx_word' id='word_1_165' title='bbox 1260 1857 1356 1944; x_wconf 87' lang='lat' dir='ltr'><strong>pretii</strong></span> <span class='ocrx_word' id='word_1_166' title='bbox 1372 1858 1413 1943; x_wconf 91' lang='lat' dir='ltr'><strong>iij</strong></span> <span class='ocrx_word' id='word_1_167' title='bbox 1427 1883 1455 1924; x_wconf 89' lang='lat' dir='ltr'><strong>s.</strong></span> <span class='ocrx_word' id='word_1_168' title='bbox 1471 1861 1509 1925; x_wconf 89' lang='lat' dir='ltr'><strong>in</strong></span> 
     </span>
     <span class='ocr_line' id='line_1_15' title="bbox 284 1960 1509 2047; baseline 0.001 -20"><span class='ocrx_word' id='word_1_169' title='bbox 284 1963 415 2028; x_wconf 81' lang='lat' dir='ltr'><strong>monins.</strong></span> <span class='ocrx_word' id='word_1_170' title='bbox 464 1963 507 2027; x_wconf 88' lang='lat' dir='ltr'><strong>Et</strong></span> <span class='ocrx_word' id='word_1_171' title='bbox 521 1963 561 2027; x_wconf 89' lang='lat' dir='ltr'><strong>da</strong></span> <span class='ocrx_word' id='word_1_172' title='bbox 576 1962 668 2047; x_wconf 83' lang='lat' dir='ltr'><strong>lxxiij</strong></span> <span class='ocrx_word' id='word_1_173' title='bbox 680 1984 702 2026; x_wconf 90' lang='lat' dir='ltr'><strong>a.</strong></span> <span class='ocrx_word' id='word_1_174' title='bbox 719 1960 758 2025; x_wconf 88' lang='lat' dir='ltr'><strong>de</strong></span> <span class='ocrx_word' id='word_1_175' title='bbox 774 1960 974 2047; x_wconf 74' lang='lat' dir='ltr'><strong>septuaginta</strong></span> <span class='ocrx_word' id='word_1_176' title='bbox 997 1974 1029 2025; x_wconf 87' lang='lat' dir='ltr'><strong>et</strong></span> <span class='ocrx_word' id='word_1_177' title='bbox 1051 1962 1151 2026; x_wconf 87' lang='lat' dir='ltr'><strong>tribus</strong></span> <span class='ocrx_word' id='word_1_178' title='bbox 1171 1961 1283 2025; x_wconf 89' lang='lat' dir='ltr'><strong>ovibus</strong></span> <span class='ocrx_word' id='word_1_179' title='bbox 1305 1961 1509 2028; x_wconf 78' lang='lat' dir='ltr'><strong>matricibus</strong></span> 
     </span>
     <span class='ocr_line' id='line_1_16' title="bbox 282 2062 1507 2151; baseline -0.001 -22"><span class='ocrx_word' id='word_1_180' title='bbox 282 2088 354 2129; x_wconf 90' lang='lat' dir='ltr'><strong>cum</strong></span> <span class='ocrx_word' id='word_1_181' title='bbox 384 2065 448 2129; x_wconf 89' lang='lat' dir='ltr'><strong>suis</strong></span> <span class='ocrx_word' id='word_1_182' title='bbox 472 2064 562 2151; x_wconf 86' lang='lat' dir='ltr'><strong>agnis</strong></span> <span class='ocrx_word' id='word_1_183' title='bbox 578 2063 825 2150; x_wconf 85' lang='lat' dir='ltr'><strong>Archiepiscopo</strong></span> <span class='ocrx_word' id='word_1_184' title='bbox 845 2062 1062 2127; x_wconf 88' lang='lat' dir='ltr'><strong>Cantuariansi</strong></span> <span class='ocrx_word' id='word_1_185' title='bbox 1082 2063 1228 2139; x_wconf 86' lang='lat' dir='ltr'><strong>venditis,</strong></span> <span class='ocrx_word' id='word_1_186' title='bbox 1246 2062 1383 2149; x_wconf 89' lang='lat' dir='ltr'><strong>pretium</strong></span> <span class='ocrx_word' id='word_1_187' title='bbox 1411 2065 1507 2150; x_wconf 89' lang='lat' dir='ltr'><strong>capi·</strong></span> 
     </span>
     <span class='ocr_line' id='line_1_17' title="bbox 281 2166 1507 2255; baseline -0.002 -20"><span class='ocrx_word' id='word_1_188' title='bbox 281 2171 322 2235; x_wconf 90' lang='lat' dir='ltr'><strong>tis</strong></span> <span class='ocrx_word' id='word_1_189' title='bbox 337 2170 382 2255; x_wconf 87' lang='lat' dir='ltr'><strong>xij</strong></span> <span class='ocrx_word' id='word_1_190' title='bbox 393 2170 424 2234; x_wconf 94' lang='lat' dir='ltr'><strong>d.</strong></span> <span class='ocrx_word' id='word_1_191' title='bbox 470 2169 513 2233; x_wconf 89' lang='lat' dir='ltr'><strong>Et</strong></span> <span class='ocrx_word' id='word_1_192' title='bbox 538 2169 577 2232; x_wconf 89' lang='lat' dir='ltr'><strong>de</strong></span> <span class='ocrx_word' id='word_1_193' title='bbox 606 2191 661 2232; x_wconf 88' lang='lat' dir='ltr'><strong>aex</strong></span> <span class='ocrx_word' id='word_1_194' title='bbox 684 2168 795 2233; x_wconf 87' lang='lat' dir='ltr'><strong>ovibus</strong></span> <span class='ocrx_word' id='word_1_195' title='bbox 815 2167 997 2232; x_wconf 87' lang='lat' dir='ltr'><strong>matricibus</strong></span> <span class='ocrx_word' id='word_1_196' title='bbox 1019 2167 1113 2255; x_wconf 87' lang='lat' dir='ltr'><strong>pretii</strong></span> <span class='ocrx_word' id='word_1_197' title='bbox 1135 2167 1169 2231; x_wconf 88' lang='lat' dir='ltr'><strong>iv</strong></span> <span class='ocrx_word' id='word_1_198' title='bbox 1179 2190 1202 2231; x_wconf 92' lang='lat' dir='ltr'><strong>s.</strong></span> <span class='ocrx_word' id='word_1_199' title='bbox 1217 2166 1354 2252; x_wconf 83' lang='lat' dir='ltr'><strong>pretium</strong></span> <span class='ocrx_word' id='word_1_200' title='bbox 1380 2168 1507 2254; x_wconf 78' lang='lat' dir='ltr'><strong>capitis</strong></span> 
     </span>
     <span class='ocr_line' id='line_1_18' title="bbox 283 2268 1505 2355; baseline 0.002 -21"><span class='ocrx_word' id='word_1_201' title='bbox 283 2272 339 2355; x_wconf 87' lang='lat' dir='ltr'><strong>viij</strong></span> <span class='ocrx_word' id='word_1_202' title='bbox 351 2271 381 2334; x_wconf 92' lang='grc'><strong>(1.</strong></span> <span class='ocrx_word' id='word_1_203' title='bbox 398 2271 431 2333; x_wconf 91' lang='lat' dir='ltr'><strong>in</strong></span> <span class='ocrx_word' id='word_1_204' title='bbox 447 2270 568 2333; x_wconf 86' lang='lat' dir='ltr'><strong>marina</strong></span> <span class='ocrx_word' id='word_1_205' title='bbox 583 2281 655 2332; x_wconf 88' lang='lat' dir='ltr'><strong>anta</strong></span> <span class='ocrx_word' id='word_1_206' title='bbox 671 2269 769 2332; x_wconf 84' lang='lat' dir='ltr'><strong>fetum</strong></span> <span class='ocrx_word' id='word_1_207' title='bbox 785 2282 817 2334; x_wconf 86' lang='lat' dir='ltr'><strong>et</strong></span> <span class='ocrx_word' id='word_1_208' title='bbox 832 2269 1018 2334; x_wconf 86' lang='lat' dir='ltr'><strong>tonsionem.</strong></span> <span class='ocrx_word' id='word_1_209' title='bbox 1054 2268 1097 2333; x_wconf 88' lang='lat' dir='ltr'><strong>Et</strong></span> <span class='ocrx_word' id='word_1_210' title='bbox 1119 2269 1158 2334; x_wconf 89' lang='lat' dir='ltr'><strong>de</strong></span> <span class='ocrx_word' id='word_1_211' title='bbox 1173 2269 1228 2354; x_wconf 90' lang='lat' dir='ltr'><strong>viij</strong></span> <span class='ocrx_word' id='word_1_212' title='bbox 1236 2269 1268 2332; x_wconf 92' lang='lat' dir='ltr'><strong>li.</strong></span> <span class='ocrx_word' id='word_1_213' title='bbox 1284 2269 1350 2333; x_wconf 88' lang='lat' dir='ltr'><strong>ixa.</strong></span> <span class='ocrx_word' id='word_1_214' title='bbox 1367 2268 1505 2337; x_wconf 88' lang='lat' dir='ltr'><strong>duobus</strong></span> 
     </span>
     <span class='ocr_line' id='line_1_19' title="bbox 281 2371 1504 2460; baseline -0.002 -24"><span class='ocrx_word' id='word_1_215' title='bbox 281 2373 418 2437; x_wconf 89' lang='lat' dir='ltr'><strong>denariis</strong></span> <span class='ocrx_word' id='word_1_216' title='bbox 432 2373 472 2436; x_wconf 90' lang='lat' dir='ltr'><strong>de</strong></span> <span class='ocrx_word' id='word_1_217' title='bbox 487 2371 630 2435; x_wconf 86' lang='lat' dir='ltr'><strong>ducentis</strong></span> <span class='ocrx_word' id='word_1_218' title='bbox 644 2383 677 2434; x_wconf 86' lang='lat' dir='ltr'><strong>et</strong></span> <span class='ocrx_word' id='word_1_219' title='bbox 698 2371 797 2434; x_wconf 86' lang='lat' dir='ltr'><strong>tribus</strong></span> <span class='ocrx_word' id='word_1_220' title='bbox 812 2371 978 2458; x_wconf 86' lang='lat' dir='ltr'><strong>hogercllis</strong></span> <span class='ocrx_word' id='word_1_221' title='bbox 994 2372 1130 2437; x_wconf 88' lang='lat' dir='ltr'><strong>venditis</strong></span> <span class='ocrx_word' id='word_1_222' title='bbox 1146 2371 1405 2457; x_wconf 85' lang='lat' dir='ltr'><strong>Archiepiscopo‚</strong></span> <span class='ocrx_word' id='word_1_223' title='bbox 1425 2397 1504 2460; x_wconf 81' lang='lat' dir='ltr'><strong>pre-</strong></span> 
     </span>
    </p>
   </div>
   <div class='ocr_carea' id='block_1_3' title="bbox 281 2479 1501 3398">
    <p class='ocr_par' dir='ltr' id='par_1_3' title="bbox 281 2479 1501 3398">
     <span class='ocr_line' id='line_1_20' title="bbox 282 2479 1501 2569; baseline 0.003 -23"><span class='ocrx_word' id='word_1_224' title='bbox 282 2482 364 2546; x_wconf 89' lang='lat' dir='ltr'><strong>tium</strong></span> <span class='ocrx_word' id='word_1_225' title='bbox 380 2480 491 2568; x_wconf 82' lang='lat' dir='ltr'><strong>capitia</strong></span> <span class='ocrx_word' id='word_1_226' title='bbox 501 2481 566 2546; x_wconf 90' lang='lat' dir='ltr'><strong>xd.</strong></span> <span class='ocrx_word' id='word_1_227' title='bbox 602 2479 646 2544; x_wconf 87' lang='lat' dir='ltr'><strong>Et</strong></span> <span class='ocrx_word' id='word_1_228' title='bbox 657 2479 696 2545; x_wconf 89' lang='lat' dir='ltr'><strong>de</strong></span> <span class='ocrx_word' id='word_1_229' title='bbox 708 2493 841 2567; x_wconf 87' lang='lat' dir='ltr'><strong>quatuor</strong></span> <span class='ocrx_word' id='word_1_230' title='bbox 854 2483 1021 2569; x_wconf 85' lang='lat' dir='ltr'><strong>hogerellis</strong></span> <span class='ocrx_word' id='word_1_231' title='bbox 1036 2483 1129 2569; x_wconf 87' lang='lat' dir='ltr'><strong>pretii</strong></span> <span class='ocrx_word' id='word_1_232' title='bbox 1144 2483 1209 2567; x_wconf 87' lang='lat' dir='ltr'><strong>iijs.</strong></span> <span class='ocrx_word' id='word_1_233' title='bbox 1225 2483 1258 2545; x_wconf 83' lang='lat' dir='ltr'><strong>iv</strong></span> <span class='ocrx_word' id='word_1_234' title='bbox 1268 2481 1299 2546; x_wconf 95' lang='grc'><strong>(1.</strong></span> <span class='ocrx_word' id='word_1_235' title='bbox 1311 2481 1344 2545; x_wconf 90' lang='lat' dir='ltr'><strong>in</strong></span> <span class='ocrx_word' id='word_1_236' title='bbox 1356 2483 1501 2550; x_wconf 86' lang='lat' dir='ltr'><strong>morina.</strong></span> 
     </span>
     <span class='ocr_line' id='line_1_21' title="bbox 286 2584 1501 2672; baseline 0 -20"><span class='ocrx_word' id='word_1_237' title='bbox 286 2587 329 2652; x_wconf 89' lang='lat' dir='ltr'><strong>Et</strong></span> <span class='ocrx_word' id='word_1_238' title='bbox 344 2587 384 2651; x_wconf 89' lang='lat' dir='ltr'><strong>de</strong></span> <span class='ocrx_word' id='word_1_239' title='bbox 399 2586 432 2672; x_wconf 88' lang='lat' dir='ltr'><strong>iij</strong></span> <span class='ocrx_word' id='word_1_240' title='bbox 447 2609 469 2650; x_wconf 89' lang='lat' dir='ltr'><strong>a.</strong></span> <span class='ocrx_word' id='word_1_241' title='bbox 486 2585 526 2651; x_wconf 89' lang='lat' dir='ltr'><strong>da</strong></span> <span class='ocrx_word' id='word_1_242' title='bbox 541 2584 663 2649; x_wconf 89' lang='lat' dir='ltr'><strong>duobus</strong></span> <span class='ocrx_word' id='word_1_243' title='bbox 678 2585 774 2649; x_wconf 84' lang='lat' dir='ltr'><strong>verris</strong></span> <span class='ocrx_word' id='word_1_244' title='bbox 789 2585 935 2650; x_wconf 87' lang='lat' dir='ltr'><strong>venditis.</strong></span> <span class='ocrx_word' id='word_1_245' title='bbox 982 2586 1025 2650; x_wconf 86' lang='lat' dir='ltr'><strong>Et</strong></span> <span class='ocrx_word' id='word_1_246' title='bbox 1047 2586 1085 2650; x_wconf 88' lang='lat' dir='ltr'><strong>de</strong></span> <span class='ocrx_word' id='word_1_247' title='bbox 1108 2585 1141 2649; x_wconf 86' lang='lat' dir='ltr'><strong>iv</strong></span> <span class='ocrx_word' id='word_1_248' title='bbox 1152 2609 1176 2650; x_wconf 88' lang='lat' dir='ltr'><strong>s.</strong></span> <span class='ocrx_word' id='word_1_249' title='bbox 1199 2586 1239 2650; x_wconf 89' lang='lat' dir='ltr'><strong>da</strong></span> <span class='ocrx_word' id='word_1_250' title='bbox 1261 2584 1360 2648; x_wconf 85' lang='lat' dir='ltr'><strong>tribus</strong></span> <span class='ocrx_word' id='word_1_251' title='bbox 1382 2585 1501 2652; x_wconf 88' lang='lat' dir='ltr'><strong>suibus</strong></span> 
     </span>
     <span class='ocr_line' id='line_1_22' title="bbox 281 2685 1500 2778; baseline -0.001 -24"><span class='ocrx_word' id='word_1_252' title='bbox 281 2690 430 2770; x_wconf 86' lang='lat' dir='ltr'><strong>venditis,</strong></span> <span class='ocrx_word' id='word_1_253' title='bbox 455 2689 592 2778; x_wconf 81' lang='lat' dir='ltr'><strong>pretium</strong></span> <span class='ocrx_word' id='word_1_254' title='bbox 608 2688 718 2775; x_wconf 89' lang='lat' dir='ltr'><strong>capitis</strong></span> <span class='ocrx_word' id='word_1_255' title='bbox 732 2689 786 2773; x_wconf 86' lang='lat' dir='ltr'><strong>xvj</strong></span> <span class='ocrx_word' id='word_1_256' title='bbox 798 2688 829 2752; x_wconf 92' lang='lat' dir='ltr'><strong>d.</strong></span> <span class='ocrx_word' id='word_1_257' title='bbox 874 2687 918 2751; x_wconf 85' lang='lat' dir='ltr'><strong>Et</strong></span> <span class='ocrx_word' id='word_1_258' title='bbox 940 2688 980 2752; x_wconf 86' lang='lat' dir='ltr'><strong>da</strong></span> <span class='ocrx_word' id='word_1_259' title='bbox 1003 2688 1104 2774; x_wconf 87' lang='lat' dir='ltr'><strong>xxviij</strong></span> <span class='ocrx_word' id='word_1_260' title='bbox 1117 2712 1143 2753; x_wconf 90' lang='lat' dir='ltr'><strong>s.</strong></span> <span class='ocrx_word' id='word_1_261' title='bbox 1166 2688 1205 2752; x_wconf 89' lang='lat' dir='ltr'><strong>de</strong></span> <span class='ocrx_word' id='word_1_262' title='bbox 1228 2685 1344 2773; x_wconf 83' lang='lat' dir='ltr'><strong>viginti</strong></span> <span class='ocrx_word' id='word_1_263' title='bbox 1366 2700 1400 2750; x_wconf 89' lang='lat' dir='ltr'><strong>et</strong></span> <span class='ocrx_word' id='word_1_264' title='bbox 1419 2702 1500 2753; x_wconf 80' lang='lat' dir='ltr'><strong>octo</strong></span> 
     </span>
     <span class='ocr_line' id='line_1_23' title="bbox 281 2790 1501 2884; baseline -0.003 -23"><span class='ocrx_word' id='word_1_265' title='bbox 281 2797 384 2884; x_wconf 89' lang='lat' dir='ltr'><strong>porcis</strong></span> <span class='ocrx_word' id='word_1_266' title='bbox 399 2796 546 2873; x_wconf 88' lang='lat' dir='ltr'><strong>venditis,</strong></span> <span class='ocrx_word' id='word_1_267' title='bbox 562 2795 699 2882; x_wconf 85' lang='lat' dir='ltr'><strong>pretium</strong></span> <span class='ocrx_word' id='word_1_268' title='bbox 715 2793 825 2880; x_wconf 89' lang='lat' dir='ltr'><strong>capitis</strong></span> <span class='ocrx_word' id='word_1_269' title='bbox 847 2793 892 2876; x_wconf 93' lang='lat' dir='ltr'><strong>xij</strong></span> <span class='ocrx_word' id='word_1_270' title='bbox 907 2793 937 2856; x_wconf 93' lang='grc'><strong>(1.</strong></span> <span class='ocrx_word' id='word_1_271' title='bbox 982 2793 1026 2857; x_wconf 89' lang='lat' dir='ltr'><strong>Et</strong></span> <span class='ocrx_word' id='word_1_272' title='bbox 1040 2793 1079 2858; x_wconf 93' lang='lat' dir='ltr'><strong>de</strong></span> <span class='ocrx_word' id='word_1_273' title='bbox 1094 2793 1128 2857; x_wconf 89' lang='lat' dir='ltr'><strong>iv</strong></span> <span class='ocrx_word' id='word_1_274' title='bbox 1139 2817 1163 2858; x_wconf 88' lang='lat' dir='ltr'><strong>s.</strong></span> <span class='ocrx_word' id='word_1_275' title='bbox 1178 2792 1218 2857; x_wconf 89' lang='lat' dir='ltr'><strong>de</strong></span> <span class='ocrx_word' id='word_1_276' title='bbox 1240 2790 1396 2856; x_wconf 82' lang='lat' dir='ltr'><strong>sexdecim</strong></span> <span class='ocrx_word' id='word_1_277' title='bbox 1419 2815 1501 2877; x_wconf 87' lang='lat' dir='ltr'><strong>por·</strong></span> 
     </span>
     <span class='ocr_line' id='line_1_24' title="bbox 282 2892 1498 2985; baseline -0.003 -21"><span class='ocrx_word' id='word_1_278' title='bbox 282 2899 369 2964; x_wconf 85' lang='lat' dir='ltr'><strong>cellis</strong></span> <span class='ocrx_word' id='word_1_279' title='bbox 384 2899 532 2978; x_wconf 83' lang='lat' dir='ltr'><strong>venditis,</strong></span> <span class='ocrx_word' id='word_1_280' title='bbox 549 2899 683 2985; x_wconf 86' lang='lat' dir='ltr'><strong>pretium</strong></span> <span class='ocrx_word' id='word_1_281' title='bbox 701 2896 811 2984; x_wconf 87' lang='lat' dir='ltr'><strong>capitis</strong></span> <span class='ocrx_word' id='word_1_282' title='bbox 825 2895 859 2980; x_wconf 90' lang='lat' dir='ltr'><strong>iij</strong></span> <span class='ocrx_word' id='word_1_283' title='bbox 873 2895 904 2959; x_wconf 90' lang='lat' dir='ltr'><strong>d.</strong></span> <span class='ocrx_word' id='word_1_284' title='bbox 950 2894 993 2959; x_wconf 87' lang='lat' dir='ltr'><strong>Et</strong></span> <span class='ocrx_word' id='word_1_285' title='bbox 1015 2895 1054 2960; x_wconf 89' lang='lat' dir='ltr'><strong>de</strong></span> <span class='ocrx_word' id='word_1_286' title='bbox 1069 2918 1133 2958; x_wconf 92' lang='lat' dir='ltr'><strong>uno</strong></span> <span class='ocrx_word' id='word_1_287' title='bbox 1149 2918 1226 2980; x_wconf 78' lang='lat' dir='ltr'><strong>grue</strong></span> <span class='ocrx_word' id='word_1_288' title='bbox 1242 2892 1334 2981; x_wconf 82' lang='lat' dir='ltr'><strong>pretii</strong></span> <span class='ocrx_word' id='word_1_289' title='bbox 1349 2893 1395 2977; x_wconf 84' lang='lat' dir='ltr'><strong>xij</strong></span> <span class='ocrx_word' id='word_1_290' title='bbox 1407 2892 1440 2956; x_wconf 87' lang='lat' dir='ltr'><strong>d.</strong></span> <span class='ocrx_word' id='word_1_291' title='bbox 1458 2895 1498 2960; x_wconf 88' lang='lat' dir='ltr'><strong>in</strong></span> 
     </span>
     <span class='ocr_line' id='line_1_25' title="bbox 282 2996 1499 3086; baseline 0.002 -23"><span class='ocrx_word' id='word_1_292' title='bbox 282 3001 413 3065; x_wconf 81' lang='lat' dir='ltr'><strong>morino.</strong></span> <span class='ocrx_word' id='word_1_293' title='bbox 448 3000 492 3064; x_wconf 85' lang='lat' dir='ltr'><strong>Et</strong></span> <span class='ocrx_word' id='word_1_294' title='bbox 506 3001 545 3064; x_wconf 89' lang='lat' dir='ltr'><strong>de</strong></span> <span class='ocrx_word' id='word_1_295' title='bbox 562 3002 592 3086; x_wconf 90' lang='lat' dir='ltr'><strong>vj</strong></span> <span class='ocrx_word' id='word_1_296' title='bbox 602 3024 627 3065; x_wconf 92' lang='lat' dir='ltr'><strong>s.</strong></span> <span class='ocrx_word' id='word_1_297' title='bbox 643 3001 682 3065; x_wconf 89' lang='lat' dir='ltr'><strong>de</strong></span> <span class='ocrx_word' id='word_1_298' title='bbox 697 2999 863 3065; x_wconf 88' lang='lat' dir='ltr'><strong>duodecim</strong></span> <span class='ocrx_word' id='word_1_299' title='bbox 879 2998 1056 3085; x_wconf 82' lang='lat' dir='ltr'><strong>pavonibus</strong></span> <span class='ocrx_word' id='word_1_300' title='bbox 1072 2997 1218 3062; x_wconf 87' lang='lat' dir='ltr'><strong>venditis.</strong></span> <span class='ocrx_word' id='word_1_301' title='bbox 1254 2998 1296 3062; x_wconf 90' lang='lat' dir='ltr'><strong>Et</strong></span> <span class='ocrx_word' id='word_1_302' title='bbox 1311 2996 1350 3061; x_wconf 91' lang='lat' dir='ltr'><strong>de</strong></span> <span class='ocrx_word' id='word_1_303' title='bbox 1364 2997 1447 3082; x_wconf 82' lang='lat' dir='ltr'><strong>xviij</strong></span> <span class='ocrx_word' id='word_1_304' title='bbox 1461 2999 1499 3066; x_wconf 89' lang='lat' dir='ltr'><strong>d.</strong></span> 
     </span>
     <span class='ocr_line' id='line_1_26' title="bbox 283 3100 1501 3189; baseline -0.002 -20"><span class='ocrx_word' id='word_1_305' title='bbox 283 3104 323 3169; x_wconf 88' lang='lat' dir='ltr'><strong>de</strong></span> <span class='ocrx_word' id='word_1_306' title='bbox 338 3128 393 3169; x_wconf 87' lang='lat' dir='ltr'><strong>sex</strong></span> <span class='ocrx_word' id='word_1_307' title='bbox 408 3103 494 3169; x_wconf 89' lang='lat' dir='ltr'><strong>aucis</strong></span> <span class='ocrx_word' id='word_1_308' title='bbox 509 3103 656 3182; x_wconf 84' lang='lat' dir='ltr'><strong>venditis,</strong></span> <span class='ocrx_word' id='word_1_309' title='bbox 669 3102 804 3189; x_wconf 86' lang='lat' dir='ltr'><strong>pretium</strong></span> <span class='ocrx_word' id='word_1_310' title='bbox 820 3101 930 3189; x_wconf 87' lang='lat' dir='ltr'><strong>capitis</strong></span> <span class='ocrx_word' id='word_1_311' title='bbox 945 3101 978 3187; x_wconf 89' lang='lat' dir='ltr'><strong>iij</strong></span> <span class='ocrx_word' id='word_1_312' title='bbox 989 3101 1021 3166; x_wconf 93' lang='lat' dir='ltr'><strong>d.</strong></span> <span class='ocrx_word' id='word_1_313' title='bbox 1057 3102 1100 3166; x_wconf 89' lang='lat' dir='ltr'><strong>Et</strong></span> <span class='ocrx_word' id='word_1_314' title='bbox 1114 3101 1153 3165; x_wconf 91' lang='lat' dir='ltr'><strong>de</strong></span> <span class='ocrx_word' id='word_1_315' title='bbox 1165 3102 1210 3187; x_wconf 90' lang='lat' dir='ltr'><strong>xij</strong></span> <span class='ocrx_word' id='word_1_316' title='bbox 1222 3101 1253 3166; x_wconf 86' lang='lat' dir='ltr'><strong>d.</strong></span> <span class='ocrx_word' id='word_1_317' title='bbox 1266 3100 1305 3165; x_wconf 91' lang='lat' dir='ltr'><strong>dc</strong></span> <span class='ocrx_word' id='word_1_318' title='bbox 1315 3112 1387 3164; x_wconf 87' lang='lat' dir='ltr'><strong>octo</strong></span> <span class='ocrx_word' id='word_1_319' title='bbox 1399 3101 1501 3185; x_wconf 79' lang='lat' dir='ltr'><strong>gallis</strong></span> 
     </span>
     <span class='ocr_line' id='line_1_27' title="bbox 283 3203 1499 3294; baseline 0 -24"><span class='ocrx_word' id='word_1_320' title='bbox 283 3207 431 3286; x_wconf 89' lang='lat' dir='ltr'><strong>venditis,</strong></span> <span class='ocrx_word' id='word_1_321' title='bbox 447 3206 583 3294; x_wconf 88' lang='lat' dir='ltr'><strong>pretium</strong></span> <span class='ocrx_word' id='word_1_322' title='bbox 599 3206 733 3293; x_wconf 83' lang='lat' dir='ltr'><strong>capitisj</strong></span> <span class='ocrx_word' id='word_1_323' title='bbox 748 3205 779 3269; x_wconf 91' lang='lat' dir='ltr'><strong>d.</strong></span> <span class='ocrx_word' id='word_1_324' title='bbox 795 3205 846 3271; x_wconf 93' lang='lat' dir='ltr'><strong>ob.</strong></span> <span class='ocrx_word' id='word_1_325' title='bbox 892 3205 935 3270; x_wconf 88' lang='lat' dir='ltr'><strong>Et</strong></span> <span class='ocrx_word' id='word_1_326' title='bbox 950 3205 988 3270; x_wconf 88' lang='lat' dir='ltr'><strong>de</strong></span> <span class='ocrx_word' id='word_1_327' title='bbox 1004 3219 1137 3292; x_wconf 88' lang='lat' dir='ltr'><strong>quatuor</strong></span> <span class='ocrx_word' id='word_1_328' title='bbox 1156 3205 1282 3292; x_wconf 83' lang='lat' dir='ltr'><strong>gallinis</strong></span> <span class='ocrx_word' id='word_1_329' title='bbox 1303 3203 1397 3290; x_wconf 87' lang='lat' dir='ltr'><strong>pretii</strong></span> <span class='ocrx_word' id='word_1_330' title='bbox 1413 3205 1446 3288; x_wconf 85' lang='lat' dir='ltr'><strong>vj</strong></span> <span class='ocrx_word' id='word_1_331' title='bbox 1462 3205 1499 3270; x_wconf 88' lang='lat' dir='ltr'><strong>d.</strong></span> 
     </span>
     <span class='ocr_line' id='line_1_28' title="bbox 283 3307 1500 3398; baseline 0 -25"><span class='ocrx_word' id='word_1_332' title='bbox 283 3312 427 3398; x_wconf 81' lang='lat' dir='ltr'><strong>expensis</strong></span> <span class='ocrx_word' id='word_1_333' title='bbox 441 3333 497 3398; x_wconf 88' lang='lat' dir='ltr'><strong>per</strong></span> <span class='ocrx_word' id='word_1_334' title='bbox 513 3309 714 3375; x_wconf 86' lang='lat' dir='ltr'><strong>Executores.</strong></span> <span class='ocrx_word' id='word_1_335' title='bbox 760 3308 803 3372; x_wconf 89' lang='lat' dir='ltr'><strong>Et</strong></span> <span class='ocrx_word' id='word_1_336' title='bbox 825 3309 863 3372; x_wconf 87' lang='lat' dir='ltr'><strong>de</strong></span> <span class='ocrx_word' id='word_1_337' title='bbox 879 3308 947 3392; x_wconf 89' lang='lat' dir='ltr'><strong>xliij</strong></span> <span class='ocrx_word' id='word_1_338' title='bbox 961 3332 983 3371; x_wconf 87' lang='lat' dir='ltr'><strong>s.</strong></span> <span class='ocrx_word' id='word_1_339' title='bbox 999 3308 1039 3372; x_wconf 87' lang='lat' dir='ltr'><strong>de</strong></span> <span class='ocrx_word' id='word_1_340' title='bbox 1053 3308 1169 3394; x_wconf 86' lang='lat' dir='ltr'><strong>viginti</strong></span> <span class='ocrx_word' id='word_1_341' title='bbox 1189 3321 1222 3373; x_wconf 90' lang='lat' dir='ltr'><strong>et</strong></span> <span class='ocrx_word' id='word_1_342' title='bbox 1242 3331 1306 3373; x_wconf 91' lang='lat' dir='ltr'><strong>uno</strong></span> <span class='ocrx_word' id='word_1_343' title='bbox 1321 3307 1500 3373; x_wconf 86' lang='lat' dir='ltr'><strong>baconibus</strong></span> 
     </span>
    </p>
   </div>
   <div class='ocr_carea' id='block_1_4' title="bbox 281 3407 1500 4111">
    <p class='ocr_par' dir='ltr' id='par_1_4' title="bbox 281 3407 1500 4111">
     <span class='ocr_line' id='line_1_29' title="bbox 283 3407 1496 3501; baseline -0.006 -21"><span class='ocrx_word' id='word_1_344' title='bbox 283 3439 354 3480; x_wconf 90' lang='lat' dir='ltr'><strong>cum</strong></span> <span class='ocrx_word' id='word_1_345' title='bbox 370 3439 434 3481; x_wconf 89' lang='lat' dir='ltr'><strong>una</strong></span> <span class='ocrx_word' id='word_1_346' title='bbox 448 3437 544 3501; x_wconf 79' lang='lat' dir='ltr'><strong>parva</strong></span> <span class='ocrx_word' id='word_1_347' title='bbox 559 3412 708 3492; x_wconf 87' lang='lat' dir='ltr'><strong>venditis,</strong></span> <span class='ocrx_word' id='word_1_348' title='bbox 722 3411 996 3498; x_wconf 85' lang='lat' dir='ltr'><strong>pretiumboconis</strong></span> <span class='ocrx_word' id='word_1_349' title='bbox 1011 3411 1066 3496; x_wconf 86' lang='lat' dir='ltr'><strong>ijs.</strong></span> <span class='ocrx_word' id='word_1_350' title='bbox 1100 3410 1143 3474; x_wconf 85' lang='lat' dir='ltr'><strong>Et</strong></span> <span class='ocrx_word' id='word_1_351' title='bbox 1153 3410 1193 3474; x_wconf 89' lang='lat' dir='ltr'><strong>de</strong></span> <span class='ocrx_word' id='word_1_352' title='bbox 1205 3433 1224 3472; x_wconf 89' lang='lat' dir='ltr'>v</span> <span class='ocrx_word' id='word_1_353' title='bbox 1234 3432 1258 3472; x_wconf 92' lang='lat' dir='ltr'><strong>s.</strong></span> <span class='ocrx_word' id='word_1_354' title='bbox 1271 3409 1310 3472; x_wconf 89' lang='lat' dir='ltr'><strong>de</strong></span> <span class='ocrx_word' id='word_1_355' title='bbox 1321 3431 1385 3471; x_wconf 92' lang='lat' dir='ltr'><strong>uno</strong></span> <span class='ocrx_word' id='word_1_356' title='bbox 1398 3407 1496 3473; x_wconf 86' lang='lat' dir='ltr'><strong>doleo</strong></span> 
     </span>
     <span class='ocr_line' id='line_1_30' title="bbox 282 3510 1499 3603; baseline -0.002 -24"><span class='ocrx_word' id='word_1_357' title='bbox 282 3518 377 3582; x_wconf 84' lang='lat' dir='ltr'><strong>ciscrc</strong></span> <span class='ocrx_word' id='word_1_358' title='bbox 402 3541 466 3582; x_wconf 91' lang='lat' dir='ltr'><strong>non</strong></span> <span class='ocrx_word' id='word_1_359' title='bbox 487 3517 581 3603; x_wconf 88' lang='lat' dir='ltr'><strong>pleno</strong></span> <span class='ocrx_word' id='word_1_360' title='bbox 597 3515 736 3580; x_wconf 84' lang='lat' dir='ltr'><strong>vendita.</strong></span> <span class='ocrx_word' id='word_1_361' title='bbox 783 3514 826 3578; x_wconf 85' lang='lat' dir='ltr'><strong>Et</strong></span> <span class='ocrx_word' id='word_1_362' title='bbox 840 3514 879 3578; x_wconf 90' lang='lat' dir='ltr'><strong>de</strong></span> <span class='ocrx_word' id='word_1_363' title='bbox 899 3514 956 3596; x_wconf 88' lang='lat' dir='ltr'><strong>xiij</strong></span> <span class='ocrx_word' id='word_1_364' title='bbox 968 3536 991 3577; x_wconf 90' lang='lat' dir='ltr'><strong>s.</strong></span> <span class='ocrx_word' id='word_1_365' title='bbox 1008 3513 1041 3576; x_wconf 92' lang='lat' dir='ltr'><strong>iv</strong></span> <span class='ocrx_word' id='word_1_366' title='bbox 1053 3513 1084 3575; x_wconf 88' lang='lat' dir='ltr'><strong>d.</strong></span> <span class='ocrx_word' id='word_1_367' title='bbox 1108 3512 1148 3576; x_wconf 89' lang='lat' dir='ltr'><strong>de</strong></span> <span class='ocrx_word' id='word_1_368' title='bbox 1170 3511 1292 3576; x_wconf 85' lang='lat' dir='ltr'><strong>duabus</strong></span> <span class='ocrx_word' id='word_1_369' title='bbox 1314 3510 1383 3573; x_wconf 89' lang='lat' dir='ltr'><strong>ollis</strong></span> <span class='ocrx_word' id='word_1_370' title='bbox 1407 3511 1499 3577; x_wconf 88' lang='lat' dir='ltr'><strong>eneis</strong></span> 
     </span>
     <span class='ocr_line' id='line_1_31' title="bbox 282 3611 1499 3701; baseline -0.003 -22"><span class='ocrx_word' id='word_1_371' title='bbox 282 3619 427 3683; x_wconf 85' lang='lat' dir='ltr'><strong>venditis.</strong></span> <span class='ocrx_word' id='word_1_372' title='bbox 474 3618 517 3681; x_wconf 87' lang='lat' dir='ltr'><strong>Et</strong></span> <span class='ocrx_word' id='word_1_373' title='bbox 532 3616 571 3681; x_wconf 91' lang='lat' dir='ltr'><strong>de</strong></span> <span class='ocrx_word' id='word_1_374' title='bbox 586 3640 649 3682; x_wconf 87' lang='lat' dir='ltr'><strong>una</strong></span> <span class='ocrx_word' id='word_1_375' title='bbox 670 3616 732 3680; x_wconf 90' lang='lat' dir='ltr'><strong>olla</strong></span> <span class='ocrx_word' id='word_1_376' title='bbox 754 3638 831 3680; x_wconf 87' lang='lat' dir='ltr'><strong>enea</strong></span> <span class='ocrx_word' id='word_1_377' title='bbox 851 3615 944 3701; x_wconf 88' lang='lat' dir='ltr'><strong>pretii</strong></span> <span class='ocrx_word' id='word_1_378' title='bbox 964 3615 996 3678; x_wconf 87' lang='lat' dir='ltr'><strong>iv</strong></span> <span class='ocrx_word' id='word_1_379' title='bbox 1008 3637 1031 3678; x_wconf 88' lang='lat' dir='ltr'><strong>s.</strong></span> <span class='ocrx_word' id='word_1_380' title='bbox 1055 3613 1186 3678; x_wconf 86' lang='lat' dir='ltr'><strong>liberata</strong></span> <span class='ocrx_word' id='word_1_381' title='bbox 1209 3636 1266 3700; x_wconf 88' lang='lat' dir='ltr'><strong>pro</strong></span> <span class='ocrx_word' id='word_1_382' title='bbox 1289 3611 1499 3697; x_wconf 89' lang='lat' dir='ltr'><strong>inplcmento.</strong></span> 
     </span>
     <span class='ocr_line' id='line_1_32' title="bbox 285 3711 1499 3805; baseline -0.003 -23"><span class='ocrx_word' id='word_1_383' title='bbox 285 3718 328 3783; x_wconf 88' lang='lat' dir='ltr'><strong>Et</strong></span> <span class='ocrx_word' id='word_1_384' title='bbox 351 3721 390 3785; x_wconf 89' lang='lat' dir='ltr'><strong>de</strong></span> <span class='ocrx_word' id='word_1_385' title='bbox 414 3722 471 3805; x_wconf 80' lang='lat' dir='ltr'><strong>ijs.</strong></span> <span class='ocrx_word' id='word_1_386' title='bbox 487 3721 518 3804; x_wconf 87' lang='lat' dir='ltr'><strong>vj</strong></span> <span class='ocrx_word' id='word_1_387' title='bbox 534 3719 564 3783; x_wconf 90' lang='lat' dir='ltr'><strong>d.</strong></span> <span class='ocrx_word' id='word_1_388' title='bbox 580 3718 691 3784; x_wconf 89' lang='lat' dir='ltr'><strong>dealia</strong></span> <span class='ocrx_word' id='word_1_389' title='bbox 706 3718 768 3781; x_wconf 81' lang='lat' dir='ltr'><strong>olla</strong></span> <span class='ocrx_word' id='word_1_390' title='bbox 783 3740 860 3782; x_wconf 86' lang='lat' dir='ltr'><strong>enea</strong></span> <span class='ocrx_word' id='word_1_391' title='bbox 885 3729 916 3781; x_wconf 89' lang='lat' dir='ltr'><strong>et</strong></span> <span class='ocrx_word' id='word_1_392' title='bbox 940 3740 1004 3780; x_wconf 89' lang='lat' dir='ltr'><strong>uno</strong></span> <span class='ocrx_word' id='word_1_393' title='bbox 1025 3716 1172 3803; x_wconf 86' lang='lat' dir='ltr'><strong>pocineto</strong></span> <span class='ocrx_word' id='word_1_394' title='bbox 1193 3714 1340 3779; x_wconf 83' lang='lat' dir='ltr'><strong>venditis.</strong></span> <span class='ocrx_word' id='word_1_395' title='bbox 1386 3711 1430 3775; x_wconf 86' lang='lat' dir='ltr'><strong>Et</strong></span> <span class='ocrx_word' id='word_1_396' title='bbox 1454 3712 1499 3778; x_wconf 85' lang='lat' dir='ltr'><strong>de</strong></span> 
     </span>
     <span class='ocr_line' id='line_1_33' title="bbox 281 3815 1498 3908; baseline -0.002 -25"><span class='ocrx_word' id='word_1_397' title='bbox 281 3820 315 3904; x_wconf 86' lang='lat' dir='ltr'><strong>iij</strong></span> <span class='ocrx_word' id='word_1_398' title='bbox 329 3844 352 3884; x_wconf 92' lang='lat' dir='ltr'><strong>s.</strong></span> <span class='ocrx_word' id='word_1_399' title='bbox 369 3822 408 3885; x_wconf 87' lang='lat' dir='ltr'><strong>da</strong></span> <span class='ocrx_word' id='word_1_400' title='bbox 423 3845 486 3886; x_wconf 93' lang='lat' dir='ltr'><strong>una</strong></span> <span class='ocrx_word' id='word_1_401' title='bbox 501 3822 615 3908; x_wconf 83' lang='lat' dir='ltr'><strong>patella</strong></span> <span class='ocrx_word' id='word_1_402' title='bbox 637 3844 714 3886; x_wconf 87' lang='lat' dir='ltr'><strong>enea</strong></span> <span class='ocrx_word' id='word_1_403' title='bbox 727 3819 866 3885; x_wconf 83' lang='lat' dir='ltr'><strong>vendita.</strong></span> <span class='ocrx_word' id='word_1_404' title='bbox 923 3819 967 3884; x_wconf 89' lang='lat' dir='ltr'><strong>Et</strong></span> <span class='ocrx_word' id='word_1_405' title='bbox 981 3819 1021 3884; x_wconf 89' lang='lat' dir='ltr'><strong>de</strong></span> <span class='ocrx_word' id='word_1_406' title='bbox 1035 3820 1114 3907; x_wconf 79' lang='lat' dir='ltr'><strong>xviij</strong></span> <span class='ocrx_word' id='word_1_407' title='bbox 1128 3820 1158 3883; x_wconf 91' lang='lat' dir='ltr'><strong>d.</strong></span> <span class='ocrx_word' id='word_1_408' title='bbox 1174 3819 1214 3884; x_wconf 89' lang='lat' dir='ltr'><strong>da</strong></span> <span class='ocrx_word' id='word_1_409' title='bbox 1229 3817 1349 3882; x_wconf 87' lang='lat' dir='ltr'><strong>duabus</strong></span> <span class='ocrx_word' id='word_1_410' title='bbox 1370 3815 1498 3902; x_wconf 85' lang='lat' dir='ltr'><strong>patellis</strong></span> 
     </span>
     <span class='ocr_line' id='line_1_34' title="bbox 283 3917 1498 4009; baseline -0.004 -22"><span class='ocrx_word' id='word_1_411' title='bbox 283 3923 369 3987; x_wconf 86' lang='lat' dir='ltr'><strong>eneis</strong></span> <span class='ocrx_word' id='word_1_412' title='bbox 384 3922 540 3988; x_wconf 87' lang='lat' dir='ltr'><strong>debilibus</strong></span> <span class='ocrx_word' id='word_1_413' title='bbox 555 3923 701 3988; x_wconf 87' lang='lat' dir='ltr'><strong>venditis.</strong></span> <span class='ocrx_word' id='word_1_414' title='bbox 746 3923 790 3987; x_wconf 89' lang='lat' dir='ltr'><strong>Et</strong></span> <span class='ocrx_word' id='word_1_415' title='bbox 813 3924 853 3989; x_wconf 89' lang='lat' dir='ltr'><strong>de</strong></span> <span class='ocrx_word' id='word_1_416' title='bbox 874 3923 932 4007; x_wconf 88' lang='lat' dir='ltr'><strong>ijs.</strong></span> <span class='ocrx_word' id='word_1_417' title='bbox 947 3923 987 3988; x_wconf 83' lang='lat' dir='ltr'><strong>do</strong></span> <span class='ocrx_word' id='word_1_418' title='bbox 1008 3947 1072 3988; x_wconf 86' lang='lat' dir='ltr'><strong>una</strong></span> <span class='ocrx_word' id='word_1_419' title='bbox 1090 3922 1175 4009; x_wconf 88' lang='lat' dir='ltr'><strong>pelvi</strong></span> <span class='ocrx_word' id='word_1_420' title='bbox 1200 3934 1232 3986; x_wconf 86' lang='lat' dir='ltr'><strong>et</strong></span> <span class='ocrx_word' id='word_1_421' title='bbox 1254 3944 1318 3984; x_wconf 92' lang='lat' dir='ltr'><strong>uno</strong></span> <span class='ocrx_word' id='word_1_422' title='bbox 1342 3917 1498 3982; x_wconf 87' lang='lat' dir='ltr'><strong>lavatorio</strong></span> 
     </span>
     <span class='ocr_line' id='line_1_35' title="bbox 282 4021 1500 4111; baseline -0.005 -22"><span class='ocrx_word' id='word_1_423' title='bbox 282 4050 353 4089; x_wconf 85' lang='lat' dir='ltr'><strong>cum</strong></span> <span class='ocrx_word' id='word_1_424' title='bbox 370 4026 439 4090; x_wconf 88' lang='lat' dir='ltr'><strong>aliis</strong></span> <span class='ocrx_word' id='word_1_425' title='bbox 453 4025 584 4089; x_wconf 91' lang='lat' dir='ltr'><strong>minutia</strong></span> <span class='ocrx_word' id='word_1_426' title='bbox 598 4026 638 4090; x_wconf 88' lang='lat' dir='ltr'><strong>da</strong></span> <span class='ocrx_word' id='word_1_427' title='bbox 652 4025 785 4111; x_wconf 84' lang='lat' dir='ltr'><strong>coquina</strong></span> <span class='ocrx_word' id='word_1_428' title='bbox 801 4025 945 4089; x_wconf 82' lang='lat' dir='ltr'><strong>venditis.</strong></span> <span class='ocrx_word' id='word_1_429' title='bbox 983 4024 1026 4089; x_wconf 84' lang='lat' dir='ltr'><strong>Et</strong></span> <span class='ocrx_word' id='word_1_430' title='bbox 1040 4024 1080 4090; x_wconf 88' lang='lat' dir='ltr'><strong>de</strong></span> <span class='ocrx_word' id='word_1_431' title='bbox 1096 4025 1150 4109; x_wconf 87' lang='lat' dir='ltr'><strong>viij</strong></span> <span class='ocrx_word' id='word_1_432' title='bbox 1164 4048 1188 4089; x_wconf 88' lang='lat' dir='ltr'><strong>a.</strong></span> <span class='ocrx_word' id='word_1_433' title='bbox 1204 4024 1244 4089; x_wconf 90' lang='lat' dir='ltr'><strong>de</strong></span> <span class='ocrx_word' id='word_1_434' title='bbox 1260 4021 1371 4088; x_wconf 82' lang='lat' dir='ltr'><strong>duabia</strong></span> <span class='ocrx_word' id='word_1_435' title='bbox 1392 4043 1500 4086; x_wconf 85' lang='lat' dir='ltr'><strong>careo.</strong></span> 
     </span>
    </p>
   </div>
   <div class='ocr_carea' id='block_1_5' title="bbox 0 0 1786 4822">
    <p class='ocr_par' dir='ltr' id='par_1_5' title="bbox 0 0 1786 4822">
     <span class='ocr_line' id='line_1_36' title="bbox 0 0 1786 4822; baseline 0 0"><span class='ocrx_word' id='word_1_436' title='bbox 0 0 1786 4822; x_wconf 95' lang='lat' dir='ltr'><strong> </strong></span> 
     </span>
    </p>
   </div>
  </div>
 </body>
</html>
