3562 4822
282 457 323 518 66
596 470 765 519 accouur
781 471 827 519 or
845 473 920 519 rna
936 472 1151 523 nxnourons
1166 473 1214 523 or

328 641 372 705 Et
386 653 499 728 petunt
514 642 573 706 sibi
600 644 727 708 allocari
747 667 845 708 unum
869 644 996 709 doleum
1017 645 1086 709 vini
1100 645 1194 732 pretii
1208 644 1254 710 ls.
1269 666 1458 730 expensum
1476 656 1514 710 et

280 758 502 832 consumptum
519 746 637 811 ibidem
653 769 709 833 per
725 746 945 812 Eschactorem
962 748 1084 812 domini
1100 747 1197 834 Regis
1211 759 1244 812 et
1264 747 1368 834 ipsius
1391 747 1514 812 minis·

285 861 348 912 tros
363 863 472 913 contra
484 850 681 914 voluntatem
697 863 911 914 executorum.
958 850 1002 914 Et
1016 850 1125 915 fenum
1146 850 1239 937 pretii
1248 850 1329 914 xxiv
1340 873 1366 914 s.
1380 873 1512 937 expen-

284 974 352 1015 sum
368 963 400 1016 et
414 951 609 1016 destructum
629 975 684 1039 per
710 951 834 1015 eosdem
862 952 901 1017 de
925 952 1012 1039 equis
1038 952 1100 1017 suis
1123 953 1217 1016 modo
1240 952 1411 1038 praedicto.
1461 952 1512 1017 Et

283 1078 381 1118 unum
396 1078 511 1141 equum
529 1055 731 1119 carectarium
748 1054 841 1140 pretii
856 1055 936 1139 xviij
951 1055 982 1120 d.
1007 1056 1041 1119 in
1064 1054 1186 1119 molina
1204 1069 1274 1140 post
1289 1055 1510 1121 traditionem

285 1155 470 1220 Inventarii.
516 1156 559 1220 Et
575 1168 709 1243 quatuor
724 1157 857 1220 bacones
871 1156 966 1241 pretii
980 1179 1035 1220 vs.
1051 1156 1166 1220 donata
1180 1157 1299 1221 ibidem
1313 1180 1374 1243 pro
1391 1159 1508 1224 anima

287 1256 439 1321 defuncti.

505 1359 634 1424 Summa
649 1359 809 1446 petitionis
831 1359 1026 1424 allocutionis
1040 1359 1074 1423 iv
1085 1360 1118 1424 li.
1134 1360 1165 1443 vj
1178 1360 1209 1424 d.
1255 1360 1299 1424 Et
1326 1361 1375 1425 sic
1398 1385 1507 1428 rema·

546 1472 624 1525 nent
650 1461 689 1524 dc
712 1460 795 1524 claro
810 1460 924 1545 xvijli.
939 1460 1119 1545 xvijs.vd.
1165 1461 1214 1526 De
1239 1462 1354 1548 quibus
1377 1462 1508 1531 habent

547 1562 743 1650 respondere.

331 1768 570 1835 SUNNEBERY.
605 1768 705 1832 Iidem
720 1765 910 1852 respondent
924 1765 964 1829 de
978 1787 1023 1828 xx
1036 1765 1067 1828 d.
1083 1765 1123 1830 de
1137 1788 1201 1831 uno
1216 1769 1376 1854 quarterio
1391 1792 1505 1838 vesca·

285 1896 357 1937 rum
372 1871 514 1938 vendito.
560 1871 603 1936 Et
618 1871 657 1935 de
671 1871 693 1955 ij
707 1893 730 1934 s.
746 1869 767 1952 ij
781 1869 811 1932 d.
839 1869 878 1932 de
903 1891 958 1932 sex
981 1868 1122 1933 bussellis
1146 1881 1179 1935 et
1200 1870 1334 1935 dimidio
1359 1873 1504 1961 siliginis

283 1975 422 2040 liberatis
447 1975 603 2063 preposito
618 1974 711 2039 electi
725 1972 766 2038 ad
776 1971 993 2037 liberationem
1003 1972 1202 2038 famulorum.
1238 1974 1281 2038 Et
1291 1975 1331 2041 de
1341 1975 1465 2064 lxxviij
1476 2002 1503 2044 s.

285 2081 325 2146 de
340 2080 457 2165 viginti
472 2093 504 2144 et
519 2102 574 2143 sex
600 2077 765 2165 quarteriis
787 2076 874 2140 ordei
898 2075 1069 2141 eschactori
1095 2076 1215 2141 domini
1236 2076 1333 2165 Regis
1355 2081 1503 2146 venditis

287 2183 424 2269 pretium
441 2181 590 2267 quartorii
606 2180 639 2263 iij
650 2203 673 2243 s.
697 2180 741 2243 Et
756 2179 795 2243 de
809 2178 889 2243 xxiv
901 2201 926 2242 s.
940 2179 973 2263 xj
988 2178 1018 2242 d.
1030 2203 1083 2265 qu.
1099 2179 1138 2245 de
1152 2181 1311 2246 sexdecim
1326 2186 1502 2268 quarteriis

287 2285 427 2370 quinque
454 2283 597 2346 bussellis
622 2304 720 2347 avene
740 2281 842 2346 eidem
869 2281 1007 2346 venditis
1031 2283 1168 2369 pretium
1195 2285 1344 2369 quartarii
1366 2287 1452 2374 xviij
1467 2289 1500 2353 d.

289 2384 334 2449 Et
349 2385 388 2449 de
403 2408 425 2447 x
435 2407 458 2448 s.
474 2383 529 2466 viij
542 2384 572 2448 d.
589 2385 628 2448 de
643 2396 777 2469 quatuor
797 2384 962 2470 quarteriis
988 2384 1121 2472 siliginis
1147 2385 1250 2450 eidem
1273 2388 1413 2453 venditis
1427 2413 1502 2475 pre-

288 2489 368 2552 tium
385 2487 534 2575 quartarii
549 2488 570 2572 ij
584 2511 608 2553 s.
623 2487 678 2570 viij
693 2487 725 2552 d.
770 2486 852 2551 Item
877 2487 1067 2573 respondent
1093 2488 1132 2553 de
1158 2489 1236 2555 ixli.
1250 2513 1307 2555 xs.
1331 2490 1372 2555 de
1392 2495 1502 2558 omni·

288 2591 389 2656 modis
413 2591 513 2655 bladis
528 2592 562 2655 in
577 2591 710 2679 grangia
725 2589 863 2654 venditis
877 2590 911 2653 in
925 2613 1041 2676 grosso.
1088 2589 1131 2655 Et
1146 2590 1185 2655 de
1201 2610 1221 2656 c
1234 2615 1257 2656 s.
1272 2593 1306 2655 iv
1318 2592 1348 2657 d.
1365 2593 1405 2658 de
1420 2607 1501 2663 octo

287 2695 365 2760 acris
398 2693 549 2758 frumenti
574 2692 734 2758 seminatis
759 2691 880 2756 ibidem
900 2691 1000 2755 electo
1024 2691 1161 2755 venditis
1184 2716 1240 2779 per
1263 2693 1401 2780 pretium
1423 2720 1503 2764 acre

288 2798 369 2882 xxiij
381 2797 411 2861 d.
458 2796 501 2861 Et
516 2797 555 2861 de
570 2810 689 2884 septem
705 2795 784 2859 acris
798 2793 986 2857 mixtilionis
1000 2793 1160 2858 seminatis
1177 2795 1294 2860 ibidem
1305 2795 1410 2861 eidem
1419 2821 1503 2865 ven·

285 2901 359 2966 ditis
374 2923 429 2986 per
443 2900 579 2985 pretium
595 2922 664 2963 acre
679 2920 726 2960 xx
737 2896 769 2961 d.
815 2895 859 2958 Et
885 2895 924 2959 de
948 2894 1177 2983 quinquaginta
1200 2909 1233 2963 et
1255 2897 1396 2985 quinque
1417 2903 1506 2968 acris

285 3001 419 3088 siliginis
443 3001 602 3065 seminatis
625 2999 727 3065 eidem
751 2997 888 3063 venditis
910 3020 966 3084 per
991 2998 1128 3083 pretium
1152 3022 1223 3065 acre
1247 3000 1345 3085 xvjd.
1392 3001 1438 3068 Et
1460 3005 1506 3073 de

287 3103 360 3169 feno
374 3103 491 3168 ibidem
508 3103 602 3189 pretii
616 3126 661 3167 xx
673 3125 697 3168 s.

943 3201 1074 3268 Summa
1088 3206 1146 3289 xxj
1162 3204 1195 3268 li.
1210 3205 1255 3290 vij
1266 3228 1289 3270 s.
1304 3205 1339 3268 ix
1350 3205 1382 3270 d.
1399 3230 1458 3294 qu.

330 3414 432 3477 Iron.
478 3413 597 3476 Petunt
624 3421 805 3474 executores
830 3408 889 3473 sibi
913 3407 1039 3473 allocari
1066 3410 1173 3475 fenum
1194 3412 1288 3498 pretii
1311 3434 1396 3477 xxs.
1421 3438 1508 3484 con-

286 3528 447 3602 sumptum
462 3515 580 3579 ibidem
596 3538 651 3601 per
668 3513 889 3578 Eschaetorem
912 3524 945 3577 ct
966 3513 1033 3597 ejus
1055 3513 1214 3579 ministros
1228 3515 1262 3578 in
1277 3515 1365 3602 equis
1380 3529 1415 3582 et
1430 3522 1507 3587 ani·

288 3618 420 3682 malibus
435 3618 507 3682 suis.

511 3719 640 3785 Summa
666 3719 860 3784 allocationis
884 3742 931 3782 xx
942 3743 966 3785 s.
1013 3720 1056 3784 Et
1071 3721 1115 3785 sic
1130 3733 1292 3787 remanent
1308 3745 1354 3785 xx
1362 3721 1399 3787 li.
1414 3725 1464 3813 vij
1477 3751 1505 3794 s.

549 3823 583 3885 ix
596 3822 626 3886 d.
643 3845 695 3908 qu.
740 3821 789 3887 De
804 3822 918 3908 quibus
933 3822 1051 3888 habent
1065 3825 1261 3911 respondere.

333 4025 523 4090 Srnuaum.
571 4023 670 4087 Iidem
700 4027 888 4111 respondent
924 4027 963 4091 dc
993 4052 1058 4092 uno
1090 4052 1170 4115 equo
1200 4028 1368 4094 carectario
1399 4037 1509 4121 pretii
