3600 4836
396 479 438 539 90
691 496 859 543 accourr
876 496 921 544 os
939 495 1013 541 rurs
1031 495 1245 544 uxscurous
1261 496 1304 543 or

440 648 626 715 Susurrurr.
673 651 772 716 Iidem
796 651 986 738 respondent
1008 649 1047 715 de
1065 665 1200 738 quatuor
1214 651 1318 716 stottis
1333 648 1426 736 pretii
1442 647 1476 710 xl
1488 671 1511 713 s.
1526 669 1600 733 pre-

301 746 303 751 *
394 751 474 814 tium
498 751 608 839 eapitis
629 777 685 819 xs.
710 754 849 818 liberatis
871 776 928 839 pro
950 753 1156 841 inplemento.
1204 754 1246 818 Et
1268 753 1307 817 de
1327 752 1408 836 xxiij
1420 775 1443 819 s.
1466 750 1542 814 ivd.
1558 748 1599 813 de

393 865 511 941 septem
527 856 629 920 stottis
643 858 789 935 venditis,
805 857 941 944 pretium
967 857 1077 943 eapitis
1096 857 1129 942 iij
1143 880 1167 920 s.
1182 857 1215 920 iv
1228 857 1259 921 d.
1306 856 1349 919 Et
1364 855 1403 919 de
1424 877 1479 918 sex
1498 852 1600 917 bobus

394 957 487 1043 pretii
501 958 536 1022 lx
545 982 568 1023 s.
584 960 720 1047 pretium
736 960 847 1048 capitis
861 984 884 1023 x
895 983 919 1024 s.
935 959 1074 1025 liberatis
1089 984 1145 1046 pro
1160 960 1364 1045 inplemento.
1411 957 1455 1022 Et
1474 957 1513 1021 de
1533 979 1598 1020 uno

394 1081 489 1134 stotto
504 1071 597 1158 pretii
613 1071 646 1157 iij
660 1094 684 1136 s.
699 1070 774 1135 ivd.
790 1071 823 1136 in
839 1071 971 1137 morina.
1017 1071 1061 1135 Et
1076 1070 1115 1135 de
1127 1071 1158 1156 vj
1170 1072 1203 1134 li.
1219 1071 1276 1155 xiij
1290 1093 1314 1134 s.
1325 1070 1365 1135 de
1380 1065 1597 1133 novemdecim

393 1172 496 1237 vaccis
515 1173 662 1252 venditis,
674 1173 811 1260 pretium
832 1172 942 1261 capitis
964 1174 1007 1257 vij
1022 1196 1045 1237 s.
1092 1173 1134 1237 Et
1158 1173 1198 1237 de
1220 1172 1299 1256 xviij
1314 1172 1344 1236 (1.
1365 1171 1404 1237 de
1430 1168 1598 1235 duodecim

395 1274 566 1360 caponibus
581 1276 727 1355 venditis,
741 1276 878 1363 pretium
894 1276 1021 1363 cupouis
1032 1275 1045 1360 j
1058 1276 1087 1340 d.
1105 1277 1155 1341 ob.
1189 1276 1233 1340 Et
1248 1275 1286 1340 de
1303 1275 1333 1360 vj
1345 1274 1376 1341 (1.
1389 1274 1427 1339 de
1441 1297 1496 1338 sex
1508 1271 1601 1358 gallis

396 1377 541 1454 venditis,
566 1377 701 1464 pretium
723 1378 857 1464 eapitisj
871 1378 903 1443 (1.
937 1378 980 1442 Et
992 1379 1031 1442 de
1045 1402 1109 1442 una
1124 1378 1185 1442 olla
1199 1401 1276 1442 enea
1292 1377 1386 1464 pretii
1402 1377 1423 1461 ij
1434 1398 1457 1440 s.
1469 1375 1600 1439 liberata

395 1501 452 1564 pro
476 1479 678 1565 inplemento.
726 1479 769 1544 Et
791 1480 830 1544 de
845 1479 889 1563 xij
902 1480 932 1543 d.
949 1481 988 1545 de
1010 1504 1075 1544 uno
1097 1503 1194 1566 parvo
1217 1480 1362 1566 pecineto
1378 1495 1410 1544 et
1425 1501 1488 1543 una
1502 1499 1599 1564 parva

395 1582 510 1668 patella
533 1581 631 1646 debili
652 1581 795 1647 venditis.
842 1581 885 1646 Et
907 1582 947 1647 de
971 1583 1017 1666 xij
1029 1582 1061 1646 d.
1084 1581 1123 1646 de
1145 1605 1209 1645 uno
1232 1582 1345 1646 lotorio
1371 1594 1404 1646 et
1426 1602 1490 1644 una
1514 1577 1600 1665 pelvi

394 1684 491 1749 debili
507 1684 655 1750 venditis.
701 1685 744 1750 Et
759 1686 797 1749 de
812 1684 843 1769 vj
857 1709 880 1749 s.
896 1685 992 1770 viijd.
1009 1685 1048 1749 de
1063 1709 1126 1749 una
1141 1699 1261 1749 carecta
1274 1685 1385 1749 ferrata
1399 1707 1471 1749 eum
1487 1681 1599 1746 herne·

394 1787 441 1852 sio
463 1787 597 1852 duorum
613 1811 763 1875 equorum
780 1787 920 1854 vendita.
960 1788 1004 1852 Et
1018 1787 1057 1852 de
1076 1787 1131 1874 viij
1146 1787 1176 1852 d.
1193 1788 1231 1852 de
1247 1810 1337 1852 coreo
1354 1786 1447 1852 unius
1462 1785 1549 1852 stotti
1565 1785 1600 1849 in

394 1890 517 1956 morina
533 1902 569 1955 ut
584 1913 687 1977 supra.

1196 1991 1326 2056 Summa
1340 1991 1397 2074 xiij
1411 1990 1446 2055 li.
1461 1988 1519 2074 xiij
1531 2012 1555 2053 s.

441 2199 544 2263 Iuor).
591 2198 780 2264 Liberantur
802 2210 878 2262 tunc
901 2198 1011 2263 Electo
1033 2221 1090 2284 pro
1113 2196 1307 2283 inplemento
1329 2195 1447 2261 ibidem
1466 2209 1602 2282 quatuor

395 2301 483 2366 stotti
495 2300 588 2388 pretii
597 2301 632 2365 xl
641 2324 664 2365 s.
703 2301 746 2365 Et
757 2324 812 2366 sex
823 2301 919 2366 boves
930 2301 1023 2389 pretii
1038 2301 1072 2364 lx
1082 2324 1106 2364 s.
1140 2300 1183 2364 Et
1204 2323 1268 2364 una
1279 2299 1340 2364 olla
1351 2322 1428 2365 ensa
1437 2297 1529 2385 pretii
1544 2296 1602 2381 ijs.

1332 2401 1463 2467 Summa
1477 2400 1521 2484 cij
1532 2422 1559 2465 s.

442 2608 486 2673 Et
501 2621 613 2696 petunt
627 2609 686 2674 sibi
702 2608 828 2674 allocari
844 2607 878 2695 iij
890 2632 914 2675 s.
930 2609 962 2672 iv
974 2609 1006 2672 d.
1018 2608 1058 2672 de
1073 2631 1137 2673 uno
1152 2620 1248 2673 stotto
1263 2607 1296 2671 in
1312 2605 1434 2671 marina
1448 2619 1485 2671 ut
1499 2628 1602 2692 supra.

616 2711 746 2776 Summa
762 2711 797 2795 iij
810 2734 834 2774 s.
849 2711 926 2777 ivd.
964 2711 1006 2775 Et
1028 2722 1191 2775 remanent
1205 2710 1259 2795 viij
1274 2709 1306 2775 li.
1322 2709 1365 2796 vij
1377 2732 1401 2775 s.
1417 2709 1473 2794 viij
1484 2708 1515 2772 d.
1553 2708 1604 2774 De

657 2814 771 2901 quibus
786 2814 904 2879 habent
919 2813 1114 2901 respondere.

444 3019 622 3082 Humum.
668 3017 769 3082 Iidem
785 3019 974 3105 respondent
994 3019 1033 3084 de
1053 3019 1140 3083 xxd.
1161 3019 1200 3084 de
1221 3031 1356 3106 quatuor
1375 3018 1516 3084 bussellis
1539 3017 1603 3082 fru-

398 3121 498 3186 menti
520 3119 659 3185 inventis
680 3121 714 3184 in
737 3120 883 3206 granario
905 3121 1050 3185 venditis.
1094 3121 1139 3187 Et
1157 3121 1197 3185 de
1211 3121 1269 3205 xiij
1283 3144 1305 3184 s.
1321 3121 1355 3184 iv
1368 3121 1399 3185 d.
1415 3121 1454 3186 de
1469 3132 1605 3208 quatuor·

397 3224 560 3312 quarteriis
577 3223 671 3288 brasii
689 3222 776 3287 ordei
796 3222 942 3300 venditis,
959 3224 1094 3309 pretium
1120 3224 1267 3310 quarterii
1292 3222 1325 3308 iij
1338 3247 1361 3287 s.
1377 3222 1452 3287 ivd.
1499 3222 1540 3287 Et
1563 3223 1604 3289 de

398 3348 420 3387 x
433 3348 456 3388 s.
472 3324 527 3408 viij
541 3323 572 3387 d.
589 3323 628 3387 da
643 3335 777 3410 quatuor
789 3321 952 3408 quarteriis
964 3323 1056 3385 brasii
1068 3322 1187 3408 draget’
1199 3322 1347 3386 venditis.
1361 3323 1497 3409 pretium
1513 3346 1606 3409 quar·

398 3427 469 3490 terii
485 3427 543 3510 ijs.
559 3425 614 3510 viij
627 3425 657 3490 d.
703 3425 747 3490 Et
761 3425 800 3490 de
815 3425 871 3488 xiv
883 3447 905 3488 s.
922 3425 965 3510 vij
977 3424 1008 3489 (1.
1024 3426 1073 3489 ob.
1089 3424 1128 3490 de
1150 3435 1284 3511 quatuor
1298 3424 1462 3512 quarteriis
1484 3439 1603 3512 septem

397 3529 538 3593 bussellis
547 3528 634 3593 ordei
645 3527 782 3593 venditis
800 3526 992 3605 Eschaetori,
1007 3525 1142 3613 pretium
1160 3526 1308 3614 quartarii
1324 3526 1357 3610 iij
1373 3550 1397 3592 s.
1423 3527 1465 3591 Et
1480 3527 1520 3591 de
1534 3527 1568 3611 xj
1579 3550 1604 3591 s.

398 3631 452 3715 viij
466 3631 497 3695 (1.
512 3630 552 3695 de
576 3644 709 3718 quatuor
729 3629 893 3715 quarteriis
916 3651 971 3693 sex
994 3628 1134 3692 bussellis
1161 3629 1302 3693 fabarum
1325 3628 1463 3693 venditis
1488 3627 1603 3705 eidem,

398 3735 535 3820 pretium
558 3733 709 3820 quartarii
734 3733 755 3816 ij
769 3756 793 3797 s.
808 3732 863 3816 viij
873 3732 904 3796 d.
951 3731 994 3795 Et
1008 3730 1047 3796 de
1062 3731 1117 3815 xxj
1131 3730 1164 3794 li.
1180 3755 1201 3794 v
1212 3755 1234 3796 a
1251 3731 1303 3796 ob.
1318 3755 1370 3818 qu.
1395 3731 1434 3795 de
1460 3731 1605 3795 ducentis

399 3836 627 3926 quinquaginta
642 3849 674 3901 et
693 3836 832 3923 quinque
857 3833 1019 3922 quartariis
1043 3857 1107 3898 uno
1129 3856 1187 3920 pec
1210 3856 1308 3898 avene
1332 3834 1477 3910 venditis,
1501 3833 1604 3898 eidam

401 3939 580 4006 Eschaetori
596 3962 651 4024 per
667 3939 802 4024 pretium
820 3937 969 4024 quarterii
984 3960 1029 4000 xx
1040 3936 1071 4001 d.
1107 3935 1150 4000 Et
1171 3936 1210 4001 de
1225 3936 1271 4022 tiij
1282 3960 1305 4000 s.
1321 3937 1351 4021 vj
1363 3937 1393 4001 (1.
1410 3937 1460 4002 ob.
1476 3936 1515 4002 de
1538 3961 1605 4025 sep·

398 4041 565 4110 temdecirn
582 4039 746 4124 quarteriis
760 4061 814 4103 sex
831 4039 970 4104 bussellis
992 4052 1024 4103 et
1045 4038 1177 4103 dimidio
1197 4061 1261 4102 uno
1276 4061 1334 4124 pcc
1356 4040 1504 4119 mixtura,
1520 4063 1605 4105 com·
