3600 4836
585 485 758 534 ACCOUN'I'
774 486 822 535 OF
839 486 916 533 rm:
932 484 1148 534 Exscurons
1164 485 1212 534 OF

515 639 645 705 Summa
667 639 863 728 implemeuti
879 640 936 726 xiij
950 664 972 704 s.
1019 641 1062 705 Et
1084 641 1128 705 sie
1150 640 1189 705 de
1210 652 1315 705 stauro
1337 651 1501 704 remanent

555 744 587 828 vj
602 766 624 808 s.
636 744 650 829 j
662 743 692 808 d.
736 744 786 809 De
801 744 915 831 quibus
929 743 1047 808 habent
1061 743 1258 830 respondere.

341 947 628 1016 Sruusuuns‘rn.
674 949 774 1016 Iidem
785 950 974 1038 respondent
983 949 1022 1015 de
1034 972 1085 1014 xs.
1097 949 1153 1035 viij
1162 949 1193 1013 d.
1203 947 1242 1013 de
1254 960 1325 1013 octo
1337 946 1501 1035 quarteriis

295 1075 458 1117 vesearum
478 1065 510 1117 et
532 1053 669 1140 pisarum
694 1053 832 1118 inventis
853 1054 887 1118 in
901 1053 1046 1142 granario
1067 1053 1106 1118 de
1122 1052 1221 1118 veteri
1235 1075 1335 1139 grano
1351 1051 1498 1130 venditis,

295 1154 431 1241 pretium
447 1155 595 1242 quarterii
610 1154 665 1240 xvj
680 1154 712 1219 d.
757 1155 801 1219 Et
820 1154 860 1220 de
874 1155 929 1241 viij
941 1155 974 1219 li.
989 1155 1067 1239 xviij
1082 1178 1096 1219 s
1111 1153 1185 1218 ivd
1208 1153 1247 1218 de
1270 1151 1499 1239 quinquaginta

295 1270 328 1322 et
348 1258 447 1321 tribus
462 1258 626 1344 quarteriis
646 1271 678 1322 et
692 1257 825 1322 dimidio
840 1258 927 1323 ordei
942 1257 1079 1323 venditis
1096 1256 1278 1321 Esclraetori
1293 1278 1349 1343 per
1362 1255 1500 1341 pretium

298 1359 447 1447 quarterii
469 1360 504 1445 iij
516 1383 539 1423 s.
554 1359 629 1424 ivd.
674 1360 718 1425 Et
739 1361 779 1426 de
793 1361 896 1447 xxxiij
908 1385 931 1426 s.
946 1387 968 1426 v
980 1362 1012 1427 d.
1027 1384 1079 1448 qu.
1094 1360 1134 1424 de
1157 1359 1320 1425 tresdecim
1338 1357 1502 1445 quarteriis

296 1474 429 1548 quatuor
444 1461 584 1528 bussellis
598 1463 736 1550 pisarum
751 1465 888 1529 venditis
909 1463 1011 1530 eidem
1033 1487 1088 1551 per
1109 1463 1246 1550 pretium
1270 1461 1419 1549 quarterii
1441 1460 1498 1544 ijs.

297 1561 329 1648 vj
343 1561 375 1627 d.
421 1563 465 1627 Et
479 1562 518 1629 de
539 1564 573 1628 iv
584 1565 618 1630 li.
641 1565 681 1630 de
703 1565 820 1653 viginti
840 1566 1004 1653 quarteriis
1023 1564 1174 1630 frumenti
1198 1564 1237 1629 de
1259 1564 1347 1628 exitu
1370 1560 1500 1650 grangis

296 1664 468 1730 eschaetori
481 1666 619 1732 venditis
634 1692 690 1755 per
704 1668 840 1755 pretium
857 1668 1005 1756 quarterii
1020 1668 1052 1732 iv
1063 1691 1088 1732 s.
1132 1667 1176 1731 Et
1191 1667 1230 1732 de
1244 1667 1312 1732 lxs.
1330 1667 1369 1730 de
1383 1664 1500 1753 viginti

297 1769 460 1855 quarteriis
474 1769 608 1857 siliginis
622 1770 759 1835 venditis
774 1771 876 1836 eidem
891 1771 931 1836 ad
948 1771 1120 1837 faciendam
1136 1771 1308 1834 mixturam
1320 1792 1378 1856 pro
1388 1767 1500 1833 libera·

297 1869 383 1935 tione
398 1871 597 1952 famulorum,
614 1873 749 1959 pretium
765 1874 914 1961 quarterii
930 1874 963 1958 iij
974 1897 997 1938 s.
1032 1874 1076 1938 Et
1096 1873 1136 1938 de
1151 1873 1182 1958 xj
1195 1895 1218 1936 s.
1233 1873 1265 1958 vj
1278 1872 1309 1936 d.
1325 1871 1364 1937 de
1379 1871 1501 1936 duobus

297 1974 461 2058 quarteriis
482 1989 599 2063 septem
620 1976 761 2042 bussellis
782 1977 933 2042 frumenti
953 1976 1092 2041 liberatis
1112 1975 1269 2063 preposito
1294 1987 1372 2039 tuno
1396 1974 1500 2040 Eleeti

296 2099 353 2163 per
366 2077 503 2164 pretium
515 2079 664 2163 quarterii
679 2079 712 2143 iv
724 2102 748 2144 s.
786 2080 829 2144 Et
844 2080 883 2146 de
897 2104 968 2144 xxx
976 2103 1001 2145 s.
1013 2080 1053 2145 de
1064 2079 1172 2145 decem
1188 2078 1352 2166 quarteriis
1366 2076 1500 2165 siliginis

296 2179 434 2244 liberatis
458 2179 601 2245 similiter
617 2181 701 2247 dieto
723 2182 880 2268 preposito
894 2206 935 2248 ex
949 2182 1132 2248 venditione
1152 2206 1215 2247 una
1234 2206 1306 2247 eum
1328 2181 1414 2247 dioto
1435 2182 1502 2246 fru-

297 2294 404 2346 mento
419 2281 459 2345 ad
478 2281 695 2348 liberationem
711 2284 898 2348 famulorum
918 2298 993 2351 tune
1010 2285 1111 2351 Electi
1126 2309 1183 2373 per
1196 2285 1332 2373 pretium
1349 2284 1499 2373 quarterii

296 2385 331 2471 iij
342 2408 364 2450 s.
401 2384 444 2448 Et
458 2384 497 2450 de
511 2385 604 2470 xxxij
615 2409 639 2450 s.
649 2386 688 2450 de
702 2386 860 2452 sexdecim
876 2390 1038 2475 quarteriis
1053 2413 1151 2455 avene
1166 2389 1303 2455 venditis
1319 2388 1500 2454 Eschaetori

297 2512 353 2576 per
366 2487 502 2574 pretium
518 2488 667 2575 quarterii
691 2488 712 2573 iJ'
724 2512 747 2553 s.
794 2489 837 2554 Et
851 2490 891 2554 de
906 2491 961 2554 xlv
971 2491 1003 2554 li.
1019 2491 1240 2578 sterlingorum
1256 2492 1295 2557 de
1310 2490 1499 2556 omnimodis

297 2591 397 2657 bladis
418 2590 549 2657 residuis
570 2592 604 2656 in
626 2591 765 2680 Grangia
780 2593 987 2660 existentibus
1010 2594 1043 2657 in
1066 2607 1147 2659 tasso
1168 2594 1305 2659 venditis
1327 2595 1361 2658 iu
1383 2617 1498 2682 grosso.

298 2695 342 2761 Et
357 2696 396 2761 de
410 2696 502 2781 xxxij
516 2695 549 2760 li.
564 2696 597 2781 xj
613 2719 637 2760 s.
651 2695 707 2782 viij
721 2695 750 2760 d
768 2696 808 2762 de
822 2710 948 2762 eentum
973 2698 1104 2786 triginta
1126 2715 1158 2763 et
1180 2721 1294 2762 novem
1310 2697 1388 2762 acris
1402 2710 1435 2763 et
1454 2697 1500 2762 di·

296 2799 394 2864 midia
409 2798 556 2865 frumenti
578 2800 747 2880 seminatis,
762 2800 899 2886 pretium
923 2824 993 2866 acre
1014 2801 1048 2886 iij
1062 2824 1085 2864 s.
1100 2800 1176 2865 ivd.
1222 2801 1266 2865 Et
1287 2801 1327 2866 de
1348 2801 1501 2889 quinqua-

296 2904 386 2991 ginta
400 2918 433 2969 et
447 2927 502 2969 sex
513 2904 591 2969 aeris
605 2904 812 2969 seminatisde
826 2904 951 2991 siligine
962 2905 1110 2984 venditis,
1123 2905 1258 2992 pretium
1270 2928 1340 2971 acre
1351 2929 1384 2990 rrJ
1392 2929 1417 2970 s.
1428 2907 1459 2969 iv
1467 2905 1499 2970 d.

517 3005 647 3070 Summa
671 3005 834 3069 iv¹¹xixli
860 3006 904 3092 vij
929 3029 952 3071 s.
964 3007 1051 3091 vijd
1098 3006 1147 3072 De
1173 3006 1286 3094 quibus
1310 3007 1429 3073 habent
1454 3031 1501 3073 re·

557 3107 718 3194 spondere.

343 3311 530 3378 STAURUM.
576 3310 678 3375 lidem
693 3309 884 3397 respondent
899 3311 938 3376 de
954 3335 1017 3377 uno
1029 3336 1110 3400 equo
1125 3314 1295 3380 earectario
1306 3314 1400 3401 pretii
1411 3315 1467 3401 xiij
1475 3339 1500 3381 a.

297 3415 329 3479 iv
342 3415 374 3481 d.
389 3428 422 3480 et
443 3415 565 3479 duobus
579 3413 667 3501 equis
682 3413 856 3478 carectariis
870 3413 962 3500 pretii
978 3437 1023 3477 xx
1035 3437 1058 3478 s.
1074 3415 1209 3501 pretium
1231 3417 1342 3504 eapitis
1357 3440 1379 3480 x
1390 3440 1412 3481 s
1428 3417 1499 3482 loco

297 3530 474 3582 stottorum.
519 3517 563 3581 Et
584 3516 624 3581 de
639 3516 700 3581 alio
715 3538 797 3602 equo
811 3515 981 3580 carectario
999 3517 1206 3602 proquodam
1223 3542 1304 3606 equo
1326 3518 1365 3583 ad
1382 3519 1499 3584 molen·

298 3618 408 3684 diuum
424 3619 517 3706 pretii
532 3642 554 3681 x
566 3641 589 3682 s.
604 3618 735 3684 liberato
753 3617 862 3682 Electa
876 3640 933 3704 pro
948 3618 1141 3706 inplemento
1156 3619 1274 3685 ibidem
1290 3637 1326 3686 ut
1341 3620 1433 3686 infra.
1457 3622 1500 3686 Et

298 3722 337 3786 de
352 3722 429 3806 xxvj
441 3744 465 3785 s.
481 3721 535 3806 uiiJ'
549 3721 580 3785 d.
596 3720 703 3785 solidis
717 3720 756 3785 de
772 3721 893 3785 duobus
909 3721 996 3809 equis
1011 3723 1185 3788 carectariis
1199 3723 1347 3803 venditis,
1362 3725 1499 3811 pretium

297 3824 407 3912 eapitis
422 3824 477 3909 xiij
491 3847 514 3888 s
530 3824 563 3888 iv
575 3824 605 3888 d.
644 3824 688 3889 Et
701 3825 741 3889 de
756 3825 991 3913 quatuordeeim
1013 3825 1115 3890 stottis
1137 3827 1231 3912 pretii
1254 3828 1312 3891 lxx
1323 3851 1347 3892 s.
1362 3828 1498 3915 pretium

297 3927 474 4015 capitisve
499 3926 636 3990 liberatis
659 3951 716 4013 pro
739 3928 941 4014 inplemento.
987 3928 1030 3993 Et
1051 3928 1091 3994 de
1114 3929 1261 3995 undecim
1283 3931 1384 3997 bobus
1407 3931 1501 4018 pretii

299 4050 344 4099 cx
355 4054 378 4096 s.
394 4029 528 4116 pretium
545 4029 657 4115 eapitis
672 4053 690 4093 x
703 4053 726 4093 s.
741 4029 878 4095 liberatis
892 4030 1036 4095 similiter
1056 4054 1113 4118 pro
1135 4032 1338 4119 inplemento.
1395 4034 1437 4098 Et
1459 4034 1500 4098 de
