<?xml version="1.0" encoding="UTF-8"?>
<!DOCTYPE html PUBLIC "-//W3C//DTD XHTML 1.0 Transitional//EN"
    "http://www.w3.org/TR/xhtml1/DTD/xhtml1-transitional.dtd">
<html xmlns="http://www.w3.org/1999/xhtml" xml:lang="en" lang="en">
 <head>
  <title>
</title>
<meta http-equiv="Content-Type" content="text/html;charset=utf-8" />
  <meta name='ocr-system' content='tesseract 3.04.00' />
  <meta name='ocr-capabilities' content='ocr_page ocr_carea ocr_par ocr_line ocrx_word'/>
</head>
<body>
  <div class='ocr_page' id='page_1' title='image "accountexecutor00ellagoog_0127.png"; bbox 0 0 3600 4836; ppageno 0'>
   <div class='ocr_carea' id='block_1_1' title="bbox 384 443 1290 510">
    <p class='ocr_par' dir='ltr' id='par_1_1' title="bbox 384 443 1290 510">
     <span class='ocr_line' id='line_1_1' title="bbox 384 443 1290 510; baseline 0.002 -6"><span class='ocrx_word' id='word_1_1' title='bbox 384 443 429 504; x_wconf 77' lang='lat'>74</span> <span class='ocrx_word' id='word_1_2' title='bbox 668 459 906 510; x_wconf 74' lang='lat' dir='ltr'>nocounror</span> <span class='ocrx_word' id='word_1_3' title='bbox 922 457 1290 508; x_wconf 78' lang='lat' dir='ltr'>rnnnxnourosson</span> 
     </span>
    </p>
   </div>
   <div class='ocr_carea' id='block_1_2' title="bbox 386 610 1591 1115">
    <p class='ocr_par' dir='ltr' id='par_1_2' title="bbox 386 610 1591 1115">
     <span class='ocr_line' id='line_1_2' title="bbox 386 610 1590 703; baseline 0 -29"><span class='ocrx_word' id='word_1_4' title='bbox 386 611 444 696; x_wconf 79' lang='lat' dir='ltr'>viij</span> <span class='ocrx_word' id='word_1_5' title='bbox 458 610 488 675; x_wconf 93' lang='lat' dir='ltr'>d.</span> <span class='ocrx_word' id='word_1_6' title='bbox 504 613 640 699; x_wconf 87' lang='lat' dir='ltr'>pretium</span> <span class='ocrx_word' id='word_1_7' title='bbox 659 616 770 703; x_wconf 82' lang='lat' dir='ltr'>capitis</span> <span class='ocrx_word' id='word_1_8' title='bbox 784 617 842 702; x_wconf 86' lang='lat' dir='ltr'>xiij</span> <span class='ocrx_word' id='word_1_9' title='bbox 856 616 965 681; x_wconf 83' lang='lat' dir='ltr'>duna</span> <span class='ocrx_word' id='word_1_10' title='bbox 980 615 1042 680; x_wconf 92' lang='lat' dir='ltr'>olla</span> <span class='ocrx_word' id='word_1_11' title='bbox 1056 639 1134 680; x_wconf 89' lang='lat' dir='ltr'>enea</span> <span class='ocrx_word' id='word_1_12' title='bbox 1148 615 1240 703; x_wconf 89' lang='lat' dir='ltr'>pretii</span> <span class='ocrx_word' id='word_1_13' title='bbox 1255 615 1276 699; x_wconf 92' lang='lat' dir='ltr'>ij</span> <span class='ocrx_word' id='word_1_14' title='bbox 1290 638 1315 679; x_wconf 89' lang='lat' dir='ltr'>s.</span> <span class='ocrx_word' id='word_1_15' title='bbox 1330 614 1362 699; x_wconf 81' lang='lat' dir='ltr'>vj</span> <span class='ocrx_word' id='word_1_16' title='bbox 1376 612 1407 678; x_wconf 90' lang='lat' dir='ltr'>d.</span> <span class='ocrx_word' id='word_1_17' title='bbox 1452 610 1533 677; x_wconf 83' lang='lat' dir='ltr'>Item</span> <span class='ocrx_word' id='word_1_18' title='bbox 1555 611 1590 674; x_wconf 92' lang='lat' dir='ltr'>in</span> 
     </span>
     <span class='ocr_line' id='line_1_3' title="bbox 389 714 1591 806; baseline -0.001 -28"><span class='ocrx_word' id='word_1_19' title='bbox 389 715 511 779; x_wconf 79' lang='lat' dir='ltr'>morino</span> <span class='ocrx_word' id='word_1_20' title='bbox 526 731 645 804; x_wconf 80' lang='lat' dir='ltr'><strong>septem</strong></span> <span class='ocrx_word' id='word_1_21' title='bbox 660 743 734 784; x_wconf 89' lang='lat' dir='ltr'>oves</span> <span class='ocrx_word' id='word_1_22' title='bbox 750 720 893 785; x_wconf 80' lang='lat' dir='ltr'>matrices</span> <span class='ocrx_word' id='word_1_23' title='bbox 909 720 1001 806; x_wconf 90' lang='lat' dir='ltr'>pretii</span> <span class='ocrx_word' id='word_1_24' title='bbox 1016 719 1058 803; x_wconf 86' lang='lat' dir='ltr'>vij</span> <span class='ocrx_word' id='word_1_25' title='bbox 1070 742 1093 783; x_wconf 93' lang='lat' dir='ltr'>s.</span> <span class='ocrx_word' id='word_1_26' title='bbox 1108 719 1152 804; x_wconf 84' lang='lat' dir='ltr'>vij</span> <span class='ocrx_word' id='word_1_27' title='bbox 1167 719 1197 783; x_wconf 93' lang='lat' dir='ltr'>d.</span> <span class='ocrx_word' id='word_1_28' title='bbox 1213 719 1349 805; x_wconf 85' lang='lat' dir='ltr'>pretium</span> <span class='ocrx_word' id='word_1_29' title='bbox 1365 715 1475 802; x_wconf 89' lang='lat' dir='ltr'>capitis</span> <span class='ocrx_word' id='word_1_30' title='bbox 1488 715 1546 800; x_wconf 86' lang='lat' dir='ltr'>xiij</span> <span class='ocrx_word' id='word_1_31' title='bbox 1558 714 1591 778; x_wconf 88' lang='lat' dir='ltr'>d.</span> 
     </span>
     <span class='ocr_line' id='line_1_4' title="bbox 391 815 1223 907; baseline 0.01 -28"><span class='ocrx_word' id='word_1_32' title='bbox 391 815 434 880; x_wconf 90' lang='lat' dir='ltr'>Et</span> <span class='ocrx_word' id='word_1_33' title='bbox 449 816 512 881; x_wconf 94' lang='lat' dir='ltr'>duo</span> <span class='ocrx_word' id='word_1_34' title='bbox 527 817 666 906; x_wconf 85' lang='lat' dir='ltr'>hogastri</span> <span class='ocrx_word' id='word_1_35' title='bbox 682 821 716 884; x_wconf 89' lang='lat' dir='ltr'>in</span> <span class='ocrx_word' id='word_1_36' title='bbox 731 822 853 886; x_wconf 87' lang='lat' dir='ltr'>murina</span> <span class='ocrx_word' id='word_1_37' title='bbox 867 821 1010 886; x_wconf 89' lang='lat' dir='ltr'>similiter</span> <span class='ocrx_word' id='word_1_38' title='bbox 1024 821 1118 907; x_wconf 90' lang='lat' dir='ltr'>pretii</span> <span class='ocrx_word' id='word_1_39' title='bbox 1132 821 1177 905; x_wconf 86' lang='lat' dir='ltr'>xij</span> <span class='ocrx_word' id='word_1_40' title='bbox 1190 820 1223 887; x_wconf 86' lang='lat' dir='ltr'>d.</span> 
     </span>
     <span class='ocr_line' id='line_1_5' title="bbox 611 918 1590 991; baseline -0.007 -3"><span class='ocrx_word' id='word_1_41' title='bbox 611 922 741 988; x_wconf 85' lang='lat' dir='ltr'>Summa</span> <span class='ocrx_word' id='word_1_42' title='bbox 767 925 821 988; x_wconf 88' lang='lat' dir='ltr'>xiv</span> <span class='ocrx_word' id='word_1_43' title='bbox 831 924 865 987; x_wconf 91' lang='lat' dir='ltr'>li.</span> <span class='ocrx_word' id='word_1_44' title='bbox 891 947 949 988; x_wconf 85' lang='lat' dir='ltr'>vs.</span> <span class='ocrx_word' id='word_1_45' title='bbox 975 924 1036 988; x_wconf 86' lang='lat' dir='ltr'>vd.</span> <span class='ocrx_word' id='word_1_46' title='bbox 1082 923 1126 988; x_wconf 85' lang='lat' dir='ltr'>Et</span> <span class='ocrx_word' id='word_1_47' title='bbox 1147 924 1191 991; x_wconf 90' lang='lat' dir='ltr'>sic</span> <span class='ocrx_word' id='word_1_48' title='bbox 1212 932 1375 988; x_wconf 82' lang='lat' dir='ltr'><strong>remanent</strong></span> <span class='ocrx_word' id='word_1_49' title='bbox 1397 921 1430 985; x_wconf 91' lang='lat' dir='ltr'>iv</span> <span class='ocrx_word' id='word_1_50' title='bbox 1440 920 1475 986; x_wconf 90' lang='lat' dir='ltr'>li.</span> <span class='ocrx_word' id='word_1_51' title='bbox 1498 918 1557 982; x_wconf 85' lang='lat' dir='ltr'>xix</span> <span class='ocrx_word' id='word_1_52' title='bbox 1566 941 1590 982; x_wconf 89' lang='lat' dir='ltr'>s.</span> 
     </span>
     <span class='ocr_line' id='line_1_6' title="bbox 648 1025 1350 1115; baseline 0.001 -24"><span class='ocrx_word' id='word_1_53' title='bbox 648 1049 675 1091; x_wconf 79' lang='lat' dir='ltr'>x</span> <span class='ocrx_word' id='word_1_54' title='bbox 686 1027 716 1091; x_wconf 93' lang='lat' dir='ltr'>d.</span> <span class='ocrx_word' id='word_1_55' title='bbox 732 1028 783 1092; x_wconf 93' lang='lat' dir='ltr'>ob.</span> <span class='ocrx_word' id='word_1_56' title='bbox 828 1027 877 1092; x_wconf 92' lang='lat' dir='ltr'>De</span> <span class='ocrx_word' id='word_1_57' title='bbox 892 1026 1006 1115; x_wconf 89' lang='lat' dir='ltr'>quibus</span> <span class='ocrx_word' id='word_1_58' title='bbox 1020 1026 1138 1091; x_wconf 88' lang='lat' dir='ltr'>habent</span> <span class='ocrx_word' id='word_1_59' title='bbox 1153 1025 1350 1114; x_wconf 87' lang='lat' dir='ltr'>respondere.</span> 
     </span>
    </p>
   </div>
   <div class='ocr_carea' id='block_1_3' title="bbox 389 1226 1595 2035">
    <p class='ocr_par' dir='ltr' id='par_1_3' title="bbox 389 1226 1595 1935">
     <span class='ocr_line' id='line_1_7' title="bbox 437 1226 1593 1320; baseline -0.001 -27"><span class='ocrx_word' id='word_1_60' title='bbox 437 1227 628 1295; x_wconf 74' lang='lat' dir='ltr'>ORUNDON.</span> <span class='ocrx_word' id='word_1_61' title='bbox 690 1231 792 1297; x_wconf 89' lang='lat' dir='ltr'>lidem</span> <span class='ocrx_word' id='word_1_62' title='bbox 821 1231 1010 1320; x_wconf 87' lang='lat' dir='ltr'>respondent</span> <span class='ocrx_word' id='word_1_63' title='bbox 1035 1232 1074 1297; x_wconf 92' lang='lat' dir='ltr'>de</span> <span class='ocrx_word' id='word_1_64' title='bbox 1097 1231 1155 1295; x_wconf 82' lang='lat' dir='ltr'>lxx</span> <span class='ocrx_word' id='word_1_65' title='bbox 1167 1254 1191 1296; x_wconf 88' lang='lat' dir='ltr'>s.</span> <span class='ocrx_word' id='word_1_66' title='bbox 1218 1230 1257 1296; x_wconf 92' lang='lat' dir='ltr'>de</span> <span class='ocrx_word' id='word_1_67' title='bbox 1280 1230 1399 1317; x_wconf 78' lang='lat' dir='ltr'>viginti</span> <span class='ocrx_word' id='word_1_68' title='bbox 1429 1226 1593 1316; x_wconf 79' lang='lat' dir='ltr'><strong>quarteriis</strong></span> 
     </span>
     <span class='ocr_line' id='line_1_8' title="bbox 393 1330 1594 1422; baseline 0.001 -29"><span class='ocrx_word' id='word_1_69' title='bbox 393 1330 541 1394; x_wconf 81' lang='lat' dir='ltr'>frumenti</span> <span class='ocrx_word' id='word_1_70' title='bbox 562 1330 698 1397; x_wconf 84' lang='lat' dir='ltr'>inventis</span> <span class='ocrx_word' id='word_1_71' title='bbox 722 1335 756 1398; x_wconf 93' lang='lat' dir='ltr'>in</span> <span class='ocrx_word' id='word_1_72' title='bbox 781 1334 921 1422; x_wconf 80' lang='lat' dir='ltr'>Grangia</span> <span class='ocrx_word' id='word_1_73' title='bbox 944 1358 999 1421; x_wconf 88' lang='lat' dir='ltr'>per</span> <span class='ocrx_word' id='word_1_74' title='bbox 1022 1334 1263 1412; x_wconf 76' lang='lat' dir='ltr'>estimationem,</span> <span class='ocrx_word' id='word_1_75' title='bbox 1287 1334 1423 1421; x_wconf 89' lang='lat' dir='ltr'>pretium</span> <span class='ocrx_word' id='word_1_76' title='bbox 1444 1330 1594 1420; x_wconf 87' lang='lat' dir='ltr'>quarterii</span> 
     </span>
     <span class='ocr_line' id='line_1_9' title="bbox 389 1431 1594 1524; baseline 0.003 -30"><span class='ocrx_word' id='word_1_77' title='bbox 389 1431 426 1515; x_wconf 93' lang='lat' dir='ltr'>iij</span> <span class='ocrx_word' id='word_1_78' title='bbox 440 1454 464 1497; x_wconf 91' lang='lat' dir='ltr'>s.</span> <span class='ocrx_word' id='word_1_79' title='bbox 477 1431 553 1497; x_wconf 81' lang='lat' dir='ltr'>vid.</span> <span class='ocrx_word' id='word_1_80' title='bbox 599 1433 642 1498; x_wconf 87' lang='lat' dir='ltr'>Et</span> <span class='ocrx_word' id='word_1_81' title='bbox 662 1434 701 1500; x_wconf 92' lang='lat' dir='ltr'>de</span> <span class='ocrx_word' id='word_1_82' title='bbox 723 1436 768 1520; x_wconf 85' lang='lat' dir='ltr'>xij</span> <span class='ocrx_word' id='word_1_83' title='bbox 781 1460 804 1501; x_wconf 93' lang='lat' dir='ltr'>s.</span> <span class='ocrx_word' id='word_1_84' title='bbox 830 1437 869 1502; x_wconf 92' lang='lat' dir='ltr'>de</span> <span class='ocrx_word' id='word_1_85' title='bbox 893 1449 1026 1524; x_wconf 88' lang='lat' dir='ltr'>quatuor</span> <span class='ocrx_word' id='word_1_86' title='bbox 1045 1436 1208 1523; x_wconf 82' lang='lat' dir='ltr'>quarteriis</span> <span class='ocrx_word' id='word_1_87' title='bbox 1223 1435 1356 1522; x_wconf 83' lang='lat' dir='ltr'>siliginis</span> <span class='ocrx_word' id='word_1_88' title='bbox 1377 1435 1521 1500; x_wconf 88' lang='lat' dir='ltr'>similiter</span> <span class='ocrx_word' id='word_1_89' title='bbox 1543 1434 1594 1497; x_wconf 91' lang='lat' dir='ltr'>in-</span> 
     </span>
     <span class='ocr_line' id='line_1_10' title="bbox 393 1533 1595 1626; baseline 0.004 -30"><span class='ocrx_word' id='word_1_90' title='bbox 393 1533 496 1597; x_wconf 88' lang='lat' dir='ltr'>ventis</span> <span class='ocrx_word' id='word_1_91' title='bbox 521 1556 575 1619; x_wconf 90' lang='lat' dir='ltr'>per</span> <span class='ocrx_word' id='word_1_92' title='bbox 599 1537 839 1617; x_wconf 78' lang='lat' dir='ltr'>estimationem,</span> <span class='ocrx_word' id='word_1_93' title='bbox 862 1539 998 1626; x_wconf 91' lang='lat' dir='ltr'>pretium</span> <span class='ocrx_word' id='word_1_94' title='bbox 1025 1537 1174 1625; x_wconf 89' lang='lat' dir='ltr'>quarterii</span> <span class='ocrx_word' id='word_1_95' title='bbox 1199 1538 1232 1623; x_wconf 91' lang='lat' dir='ltr'>iij</span> <span class='ocrx_word' id='word_1_96' title='bbox 1244 1561 1267 1602; x_wconf 89' lang='lat' dir='ltr'>s.</span> <span class='ocrx_word' id='word_1_97' title='bbox 1313 1538 1356 1602; x_wconf 87' lang='lat' dir='ltr'>Et</span> <span class='ocrx_word' id='word_1_98' title='bbox 1385 1537 1425 1602; x_wconf 88' lang='lat' dir='ltr'>de</span> <span class='ocrx_word' id='word_1_99' title='bbox 1448 1561 1527 1601; x_wconf 80' lang='lat' dir='ltr'>xxa</span> <span class='ocrx_word' id='word_1_100' title='bbox 1554 1537 1595 1601; x_wconf 89' lang='lat' dir='ltr'>de</span> 
     </span>
     <span class='ocr_line' id='line_1_11' title="bbox 393 1635 1595 1727; baseline 0.003 -27"><span class='ocrx_word' id='word_1_101' title='bbox 393 1635 560 1700; x_wconf 80' lang='lat' dir='ltr'>duodecim</span> <span class='ocrx_word' id='word_1_102' title='bbox 576 1640 739 1724; x_wconf 82' lang='lat' dir='ltr'>quarteriis</span> <span class='ocrx_word' id='word_1_103' title='bbox 754 1664 852 1705; x_wconf 88' lang='lat' dir='ltr'>avene</span> <span class='ocrx_word' id='word_1_104' title='bbox 868 1641 1004 1705; x_wconf 88' lang='lat' dir='ltr'>inventis</span> <span class='ocrx_word' id='word_1_105' title='bbox 1024 1640 1167 1704; x_wconf 89' lang='lat' dir='ltr'>similiter</span> <span class='ocrx_word' id='word_1_106' title='bbox 1190 1663 1246 1727; x_wconf 87' lang='lat' dir='ltr'>per</span> <span class='ocrx_word' id='word_1_107' title='bbox 1269 1639 1510 1718; x_wconf 86' lang='lat' dir='ltr'>estimationem,</span> <span class='ocrx_word' id='word_1_108' title='bbox 1525 1663 1595 1726; x_wconf 83' lang='lat' dir='ltr'>pre-</span> 
     </span>
     <span class='ocr_line' id='line_1_12' title="bbox 393 1741 1594 1830; baseline -0.003 -20"><span class='ocrx_word' id='word_1_109' title='bbox 393 1744 474 1810; x_wconf 90' lang='lat' dir='ltr'>tium</span> <span class='ocrx_word' id='word_1_110' title='bbox 503 1744 652 1829; x_wconf 83' lang='lat' dir='ltr'>quarterii</span> <span class='ocrx_word' id='word_1_111' title='bbox 674 1766 721 1806; x_wconf 85' lang='lat' dir='ltr'>xx</span> <span class='ocrx_word' id='word_1_112' title='bbox 730 1743 761 1807; x_wconf 91' lang='lat' dir='ltr'>d.</span> <span class='ocrx_word' id='word_1_113' title='bbox 785 1743 922 1808; x_wconf 84' lang='lat' dir='ltr'>venditis</span> <span class='ocrx_word' id='word_1_114' title='bbox 947 1767 1002 1829; x_wconf 88' lang='lat' dir='ltr'>per</span> <span class='ocrx_word' id='word_1_115' title='bbox 1025 1743 1140 1808; x_wconf 89' lang='lat' dir='ltr'>dictam</span> <span class='ocrx_word' id='word_1_116' title='bbox 1165 1741 1394 1808; x_wconf 88' lang='lat' dir='ltr'>estimationem</span> <span class='ocrx_word' id='word_1_117' title='bbox 1419 1742 1453 1805; x_wconf 92' lang='lat' dir='ltr'>in</span> <span class='ocrx_word' id='word_1_118' title='bbox 1476 1765 1594 1830; x_wconf 83' lang='lat' dir='ltr'>grosso.</span> 
     </span>
     <span class='ocr_line' id='line_1_13' title="bbox 396 1844 1104 1935; baseline -0.007 -22"><span class='ocrx_word' id='word_1_119' title='bbox 396 1848 440 1914; x_wconf 89' lang='lat' dir='ltr'>Et</span> <span class='ocrx_word' id='word_1_120' title='bbox 455 1850 494 1916; x_wconf 90' lang='lat' dir='ltr'>de</span> <span class='ocrx_word' id='word_1_121' title='bbox 510 1850 544 1935; x_wconf 90' lang='lat' dir='ltr'>iij</span> <span class='ocrx_word' id='word_1_122' title='bbox 557 1873 582 1914; x_wconf 89' lang='lat' dir='ltr'>s.</span> <span class='ocrx_word' id='word_1_123' title='bbox 597 1848 630 1911; x_wconf 89' lang='lat' dir='ltr'>iv</span> <span class='ocrx_word' id='word_1_124' title='bbox 642 1846 673 1910; x_wconf 93' lang='lat' dir='ltr'>d.</span> <span class='ocrx_word' id='word_1_125' title='bbox 689 1845 728 1910; x_wconf 90' lang='lat' dir='ltr'>de</span> <span class='ocrx_word' id='word_1_126' title='bbox 744 1845 816 1909; x_wconf 80' lang='lat' dir='ltr'>seno</span> <span class='ocrx_word' id='word_1_127' title='bbox 831 1845 961 1909; x_wconf 87' lang='lat' dir='ltr'>vendito</span> <span class='ocrx_word' id='word_1_128' title='bbox 977 1844 1104 1909; x_wconf 85' lang='lat' dir='ltr'>ibidem.</span> 
     </span>
    </p>

    <p class='ocr_par' dir='ltr' id='par_1_4' title="bbox 614 1946 1487 2035">
     <span class='ocr_line' id='line_1_14' title="bbox 614 1946 1487 2035; baseline -0.005 -19"><span class='ocrx_word' id='word_1_129' title='bbox 614 1951 744 2016; x_wconf 88' lang='lat' dir='ltr'>Summa</span> <span class='ocrx_word' id='word_1_130' title='bbox 758 1973 796 2013; x_wconf 88' lang='lat' dir='ltr'>cv</span> <span class='ocrx_word' id='word_1_131' title='bbox 806 1971 829 2013; x_wconf 90' lang='lat' dir='ltr'>s.</span> <span class='ocrx_word' id='word_1_132' title='bbox 845 1948 879 2012; x_wconf 83' lang='lat' dir='ltr'>ir</span> <span class='ocrx_word' id='word_1_133' title='bbox 890 1948 922 2014; x_wconf 90' lang='lat' dir='ltr'>d.</span> <span class='ocrx_word' id='word_1_134' title='bbox 967 1947 1016 2013; x_wconf 88' lang='lat' dir='ltr'>De</span> <span class='ocrx_word' id='word_1_135' title='bbox 1031 1948 1145 2034; x_wconf 91' lang='lat' dir='ltr'>quibus</span> <span class='ocrx_word' id='word_1_136' title='bbox 1159 1946 1277 2012; x_wconf 90' lang='lat' dir='ltr'>habent</span> <span class='ocrx_word' id='word_1_137' title='bbox 1291 1947 1487 2035; x_wconf 85' lang='lat' dir='ltr'>respondere.</span> 
     </span>
    </p>
   </div>
   <div class='ocr_carea' id='block_1_4' title="bbox 392 2152 1598 3772">
    <p class='ocr_par' dir='ltr' id='par_1_5' title="bbox 392 2152 1598 3672">
     <span class='ocr_line' id='line_1_15' title="bbox 442 2152 1595 2240; baseline -0.006 -17"><span class='ocrx_word' id='word_1_138' title='bbox 442 2156 632 2223; x_wconf 74' lang='lat' dir='ltr'><strong>STAURUM.</strong></span> <span class='ocrx_word' id='word_1_139' title='bbox 693 2153 794 2219; x_wconf 86' lang='lat' dir='ltr'>iidem</span> <span class='ocrx_word' id='word_1_140' title='bbox 819 2152 1009 2239; x_wconf 85' lang='lat' dir='ltr'>respondent</span> <span class='ocrx_word' id='word_1_141' title='bbox 1035 2152 1074 2217; x_wconf 89' lang='lat' dir='ltr'>de</span> <span class='ocrx_word' id='word_1_142' title='bbox 1104 2163 1238 2239; x_wconf 90' lang='lat' dir='ltr'>quatuor</span> <span class='ocrx_word' id='word_1_143' title='bbox 1263 2153 1366 2218; x_wconf 88' lang='lat' dir='ltr'>stottis</span> <span class='ocrx_word' id='word_1_144' title='bbox 1396 2153 1488 2240; x_wconf 89' lang='lat' dir='ltr'>pretii</span> <span class='ocrx_word' id='word_1_145' title='bbox 1513 2177 1560 2217; x_wconf 86' lang='lat' dir='ltr'>xx</span> <span class='ocrx_word' id='word_1_146' title='bbox 1572 2176 1595 2218; x_wconf 89' lang='lat' dir='ltr'>s.</span> 
     </span>
     <span class='ocr_line' id='line_1_16' title="bbox 394 2254 1596 2344; baseline -0.002 -20"><span class='ocrx_word' id='word_1_147' title='bbox 394 2258 533 2324; x_wconf 88' lang='lat' dir='ltr'>liberatis</span> <span class='ocrx_word' id='word_1_148' title='bbox 549 2280 604 2344; x_wconf 88' lang='lat' dir='ltr'>pro</span> <span class='ocrx_word' id='word_1_149' title='bbox 619 2256 812 2342; x_wconf 90' lang='lat' dir='ltr'>inplemento</span> <span class='ocrx_word' id='word_1_150' title='bbox 825 2267 863 2319; x_wconf 92' lang='lat' dir='ltr'>ut</span> <span class='ocrx_word' id='word_1_151' title='bbox 877 2255 969 2332; x_wconf 83' lang='lat' dir='ltr'>infra,</span> <span class='ocrx_word' id='word_1_152' title='bbox 986 2254 1120 2341; x_wconf 91' lang='lat' dir='ltr'>pretium</span> <span class='ocrx_word' id='word_1_153' title='bbox 1139 2255 1249 2341; x_wconf 85' lang='lat' dir='ltr'>capitis</span> <span class='ocrx_word' id='word_1_154' title='bbox 1263 2279 1317 2320; x_wconf 82' lang='lat' dir='ltr'>vs.</span> <span class='ocrx_word' id='word_1_155' title='bbox 1365 2256 1408 2319; x_wconf 87' lang='lat' dir='ltr'>Et</span> <span class='ocrx_word' id='word_1_156' title='bbox 1426 2256 1466 2321; x_wconf 91' lang='lat' dir='ltr'>de</span> <span class='ocrx_word' id='word_1_157' title='bbox 1480 2278 1535 2321; x_wconf 82' lang='lat' dir='ltr'>vs.</span> <span class='ocrx_word' id='word_1_158' title='bbox 1555 2257 1596 2322; x_wconf 85' lang='lat' dir='ltr'>de</span> 
     </span>
     <span class='ocr_line' id='line_1_17' title="bbox 395 2356 1595 2440; baseline -0.003 -15"><span class='ocrx_word' id='word_1_159' title='bbox 395 2384 461 2426; x_wconf 92' lang='lat' dir='ltr'>uno</span> <span class='ocrx_word' id='word_1_160' title='bbox 476 2373 572 2424; x_wconf 92' lang='lat' dir='ltr'>stotto</span> <span class='ocrx_word' id='word_1_161' title='bbox 587 2359 726 2422; x_wconf 86' lang='lat' dir='ltr'>vendito.</span> <span class='ocrx_word' id='word_1_162' title='bbox 772 2357 817 2420; x_wconf 89' lang='lat' dir='ltr'>Et</span> <span class='ocrx_word' id='word_1_163' title='bbox 832 2357 871 2420; x_wconf 90' lang='lat' dir='ltr'>de</span> <span class='ocrx_word' id='word_1_164' title='bbox 886 2357 919 2440; x_wconf 89' lang='lat' dir='ltr'>iij</span> <span class='ocrx_word' id='word_1_165' title='bbox 931 2380 954 2420; x_wconf 88' lang='lat' dir='ltr'>s.</span> <span class='ocrx_word' id='word_1_166' title='bbox 971 2356 1010 2420; x_wconf 87' lang='lat' dir='ltr'>de</span> <span class='ocrx_word' id='word_1_167' title='bbox 1025 2356 1147 2421; x_wconf 91' lang='lat' dir='ltr'>duobus</span> <span class='ocrx_word' id='word_1_168' title='bbox 1162 2357 1264 2421; x_wconf 88' lang='lat' dir='ltr'>stottis</span> <span class='ocrx_word' id='word_1_169' title='bbox 1279 2357 1434 2423; x_wconf 85' lang='lat' dir='ltr'>debilibus</span> <span class='ocrx_word' id='word_1_170' title='bbox 1448 2359 1595 2437; x_wconf 89' lang='lat' dir='ltr'>venditis,</span> 
     </span>
     <span class='ocr_line' id='line_1_18' title="bbox 395 2457 1597 2551; baseline -0.002 -24"><span class='ocrx_word' id='word_1_171' title='bbox 395 2463 532 2551; x_wconf 89' lang='lat' dir='ltr'>pretium</span> <span class='ocrx_word' id='word_1_172' title='bbox 547 2460 658 2547; x_wconf 87' lang='lat' dir='ltr'>capitis</span> <span class='ocrx_word' id='word_1_173' title='bbox 671 2458 751 2544; x_wconf 84' lang='lat' dir='ltr'>xviij</span> <span class='ocrx_word' id='word_1_174' title='bbox 762 2457 794 2523; x_wconf 89' lang='lat' dir='ltr'>d.</span> <span class='ocrx_word' id='word_1_175' title='bbox 839 2458 883 2522; x_wconf 89' lang='lat' dir='ltr'>Et</span> <span class='ocrx_word' id='word_1_176' title='bbox 893 2458 932 2522; x_wconf 92' lang='lat' dir='ltr'>de</span> <span class='ocrx_word' id='word_1_177' title='bbox 948 2471 1081 2545; x_wconf 89' lang='lat' dir='ltr'>quatuor</span> <span class='ocrx_word' id='word_1_178' title='bbox 1091 2458 1191 2523; x_wconf 91' lang='lat' dir='ltr'>bobus</span> <span class='ocrx_word' id='word_1_179' title='bbox 1202 2459 1295 2545; x_wconf 88' lang='lat' dir='ltr'>pretii</span> <span class='ocrx_word' id='word_1_180' title='bbox 1310 2460 1409 2544; x_wconf 86' lang='lat' dir='ltr'>xxxvj</span> <span class='ocrx_word' id='word_1_181' title='bbox 1422 2482 1444 2523; x_wconf 92' lang='lat' dir='ltr'>s.</span> <span class='ocrx_word' id='word_1_182' title='bbox 1461 2460 1597 2546; x_wconf 89' lang='lat' dir='ltr'>pretium</span> 
     </span>
     <span class='ocr_line' id='line_1_19' title="bbox 396 2560 1597 2652; baseline -0.002 -22"><span class='ocrx_word' id='word_1_183' title='bbox 396 2565 508 2652; x_wconf 88' lang='lat' dir='ltr'>capitis</span> <span class='ocrx_word' id='word_1_184' title='bbox 518 2564 552 2628; x_wconf 83' lang='lat' dir='ltr'>ix</span> <span class='ocrx_word' id='word_1_185' title='bbox 562 2586 585 2627; x_wconf 93' lang='lat' dir='ltr'>s.</span> <span class='ocrx_word' id='word_1_186' title='bbox 598 2562 735 2626; x_wconf 85' lang='lat' dir='ltr'>liberatis</span> <span class='ocrx_word' id='word_1_187' title='bbox 747 2584 803 2648; x_wconf 90' lang='lat' dir='ltr'>pro</span> <span class='ocrx_word' id='word_1_188' title='bbox 814 2560 1017 2646; x_wconf 88' lang='lat' dir='ltr'>inplemento.</span> <span class='ocrx_word' id='word_1_189' title='bbox 1048 2560 1092 2624; x_wconf 90' lang='lat' dir='ltr'>Et</span> <span class='ocrx_word' id='word_1_190' title='bbox 1106 2561 1145 2625; x_wconf 91' lang='lat' dir='ltr'>de</span> <span class='ocrx_word' id='word_1_191' title='bbox 1160 2560 1282 2626; x_wconf 86' lang='lat' dir='ltr'>duobus</span> <span class='ocrx_word' id='word_1_192' title='bbox 1295 2561 1390 2625; x_wconf 85' lang='lat' dir='ltr'>tauris</span> <span class='ocrx_word' id='word_1_193' title='bbox 1401 2562 1494 2649; x_wconf 92' lang='lat' dir='ltr'>pretii</span> <span class='ocrx_word' id='word_1_194' title='bbox 1504 2562 1561 2625; x_wconf 81' lang='lat' dir='ltr'>xiv</span> <span class='ocrx_word' id='word_1_195' title='bbox 1572 2585 1597 2628; x_wconf 87' lang='lat' dir='ltr'>s.</span> 
     </span>
     <span class='ocr_line' id='line_1_20' title="bbox 396 2663 1598 2751; baseline -0.004 -18"><span class='ocrx_word' id='word_1_196' title='bbox 396 2668 540 2733; x_wconf 90' lang='lat' dir='ltr'>similiter</span> <span class='ocrx_word' id='word_1_197' title='bbox 551 2664 689 2731; x_wconf 87' lang='lat' dir='ltr'>liberatis</span> <span class='ocrx_word' id='word_1_198' title='bbox 699 2687 756 2751; x_wconf 90' lang='lat' dir='ltr'>pro</span> <span class='ocrx_word' id='word_1_199' title='bbox 766 2663 960 2750; x_wconf 89' lang='lat' dir='ltr'>inplemento</span> <span class='ocrx_word' id='word_1_200' title='bbox 969 2675 1006 2727; x_wconf 90' lang='lat' dir='ltr'>ut</span> <span class='ocrx_word' id='word_1_201' title='bbox 1014 2663 1105 2728; x_wconf 83' lang='lat' dir='ltr'>infru.</span> <span class='ocrx_word' id='word_1_202' title='bbox 1152 2663 1383 2748; x_wconf 84' lang='lat' dir='ltr'>Etdexxviijs</span> <span class='ocrx_word' id='word_1_203' title='bbox 1410 2664 1450 2729; x_wconf 88' lang='lat' dir='ltr'>de</span> <span class='ocrx_word' id='word_1_204' title='bbox 1464 2679 1598 2751; x_wconf 91' lang='lat' dir='ltr'>quatuor</span> 
     </span>
     <span class='ocr_line' id='line_1_21' title="bbox 392 2765 1598 2858; baseline -0.006 -20"><span class='ocrx_word' id='word_1_205' title='bbox 392 2771 537 2858; x_wconf 86' lang='lat' dir='ltr'>juvencis</span> <span class='ocrx_word' id='word_1_206' title='bbox 551 2768 699 2845; x_wconf 86' lang='lat' dir='ltr'>venditis,</span> <span class='ocrx_word' id='word_1_207' title='bbox 714 2766 850 2853; x_wconf 90' lang='lat' dir='ltr'>pretium</span> <span class='ocrx_word' id='word_1_208' title='bbox 866 2765 976 2853; x_wconf 83' lang='lat' dir='ltr'>capitis</span> <span class='ocrx_word' id='word_1_209' title='bbox 990 2767 1034 2851; x_wconf 85' lang='lat' dir='ltr'>vij</span> <span class='ocrx_word' id='word_1_210' title='bbox 1049 2790 1072 2832; x_wconf 90' lang='lat' dir='ltr'>s.</span> <span class='ocrx_word' id='word_1_211' title='bbox 1119 2766 1161 2831; x_wconf 89' lang='lat' dir='ltr'>Et</span> <span class='ocrx_word' id='word_1_212' title='bbox 1181 2766 1220 2831; x_wconf 90' lang='lat' dir='ltr'>de</span> <span class='ocrx_word' id='word_1_213' title='bbox 1235 2766 1351 2854; x_wconf 85' lang='lat' dir='ltr'>viginti</span> <span class='ocrx_word' id='word_1_214' title='bbox 1366 2779 1398 2832; x_wconf 88' lang='lat' dir='ltr'>et</span> <span class='ocrx_word' id='word_1_215' title='bbox 1417 2791 1481 2832; x_wconf 92' lang='lat' dir='ltr'>una</span> <span class='ocrx_word' id='word_1_216' title='bbox 1495 2768 1598 2832; x_wconf 86' lang='lat' dir='ltr'>vaccis</span> 
     </span>
     <span class='ocr_line' id='line_1_22' title="bbox 396 2868 1598 2963; baseline -0.004 -23"><span class='ocrx_word' id='word_1_217' title='bbox 396 2875 490 2963; x_wconf 86' lang='lat' dir='ltr'>pretii</span> <span class='ocrx_word' id='word_1_218' title='bbox 506 2874 561 2958; x_wconf 88' lang='lat' dir='ltr'>viij</span> <span class='ocrx_word' id='word_1_219' title='bbox 574 2873 608 2937; x_wconf 89' lang='lat' dir='ltr'>li.</span> <span class='ocrx_word' id='word_1_220' title='bbox 624 2871 679 2955; x_wconf 87' lang='lat' dir='ltr'>viij</span> <span class='ocrx_word' id='word_1_221' title='bbox 690 2893 712 2934; x_wconf 86' lang='lat' dir='ltr'>s</span> <span class='ocrx_word' id='word_1_222' title='bbox 729 2870 864 2957; x_wconf 89' lang='lat' dir='ltr'>pretium</span> <span class='ocrx_word' id='word_1_223' title='bbox 881 2868 992 2955; x_wconf 90' lang='lat' dir='ltr'>capitis</span> <span class='ocrx_word' id='word_1_224' title='bbox 1006 2870 1061 2954; x_wconf 85' lang='lat' dir='ltr'>viij</span> <span class='ocrx_word' id='word_1_225' title='bbox 1073 2893 1097 2935; x_wconf 92' lang='lat' dir='ltr'>s.</span> <span class='ocrx_word' id='word_1_226' title='bbox 1112 2870 1251 2935; x_wconf 88' lang='lat' dir='ltr'>liberatis</span> <span class='ocrx_word' id='word_1_227' title='bbox 1272 2894 1331 2958; x_wconf 90' lang='lat' dir='ltr'>pro</span> <span class='ocrx_word' id='word_1_228' title='bbox 1352 2870 1545 2957; x_wconf 85' lang='lat' dir='ltr'>inplemento</span> <span class='ocrx_word' id='word_1_229' title='bbox 1562 2883 1598 2935; x_wconf 93' lang='lat' dir='ltr'>ut</span> 
     </span>
     <span class='ocr_line' id='line_1_23' title="bbox 397 2972 1596 3060; baseline -0.002 -19"><span class='ocrx_word' id='word_1_230' title='bbox 397 2978 488 3042; x_wconf 85' lang='lat' dir='ltr'>infra.</span> <span class='ocrx_word' id='word_1_231' title='bbox 533 2976 577 3039; x_wconf 88' lang='lat' dir='ltr'>Et</span> <span class='ocrx_word' id='word_1_232' title='bbox 593 2975 632 3039; x_wconf 90' lang='lat' dir='ltr'>de</span> <span class='ocrx_word' id='word_1_233' title='bbox 647 2973 727 3057; x_wconf 83' lang='lat' dir='ltr'>lxxij</span> <span class='ocrx_word' id='word_1_234' title='bbox 739 2996 763 3038; x_wconf 89' lang='lat' dir='ltr'>s.</span> <span class='ocrx_word' id='word_1_235' title='bbox 779 2972 818 3037; x_wconf 90' lang='lat' dir='ltr'>de</span> <span class='ocrx_word' id='word_1_236' title='bbox 834 2995 948 3036; x_wconf 87' lang='lat' dir='ltr'>novem</span> <span class='ocrx_word' id='word_1_237' title='bbox 960 2973 1063 3038; x_wconf 84' lang='lat' dir='ltr'>vaccis</span> <span class='ocrx_word' id='word_1_238' title='bbox 1073 2973 1220 3052; x_wconf 80' lang='lat' dir='ltr'>venditis,</span> <span class='ocrx_word' id='word_1_239' title='bbox 1233 2972 1369 3060; x_wconf 85' lang='lat' dir='ltr'>pretium</span> <span class='ocrx_word' id='word_1_240' title='bbox 1381 2973 1491 3060; x_wconf 88' lang='lat' dir='ltr'>capitis</span> <span class='ocrx_word' id='word_1_241' title='bbox 1505 2974 1560 3057; x_wconf 86' lang='lat' dir='ltr'>viij</span> <span class='ocrx_word' id='word_1_242' title='bbox 1572 2997 1596 3039; x_wconf 90' lang='lat' dir='ltr'>s.</span> 
     </span>
     <span class='ocr_line' id='line_1_24' title="bbox 398 3074 1597 3162; baseline -0.003 -19"><span class='ocrx_word' id='word_1_243' title='bbox 398 3079 443 3143; x_wconf 86' lang='lat' dir='ltr'>Et</span> <span class='ocrx_word' id='word_1_244' title='bbox 462 3078 501 3141; x_wconf 88' lang='lat' dir='ltr'>de</span> <span class='ocrx_word' id='word_1_245' title='bbox 518 3077 575 3160; x_wconf 85' lang='lat' dir='ltr'>xxj</span> <span class='ocrx_word' id='word_1_246' title='bbox 586 3075 664 3139; x_wconf 84' lang='lat' dir='ltr'>s..de</span> <span class='ocrx_word' id='word_1_247' title='bbox 679 3074 779 3137; x_wconf 91' lang='lat' dir='ltr'>tribus</span> <span class='ocrx_word' id='word_1_248' title='bbox 793 3074 895 3137; x_wconf 86' lang='lat' dir='ltr'>vaccis</span> <span class='ocrx_word' id='word_1_249' title='bbox 910 3074 1065 3138; x_wconf 85' lang='lat' dir='ltr'>sterilibus</span> <span class='ocrx_word' id='word_1_250' title='bbox 1081 3075 1226 3153; x_wconf 84' lang='lat' dir='ltr'>venditis,</span> <span class='ocrx_word' id='word_1_251' title='bbox 1243 3075 1378 3161; x_wconf 88' lang='lat' dir='ltr'>pretium</span> <span class='ocrx_word' id='word_1_252' title='bbox 1394 3076 1504 3162; x_wconf 88' lang='lat' dir='ltr'>capitis</span> <span class='ocrx_word' id='word_1_253' title='bbox 1518 3076 1561 3159; x_wconf 88' lang='lat' dir='ltr'>vij</span> <span class='ocrx_word' id='word_1_254' title='bbox 1573 3098 1597 3140; x_wconf 88' lang='lat' dir='ltr'>s.</span> 
     </span>
     <span class='ocr_line' id='line_1_25' title="bbox 400 3175 1598 3264; baseline -0.005 -18"><span class='ocrx_word' id='word_1_255' title='bbox 400 3181 443 3246; x_wconf 83' lang='lat' dir='ltr'>Et</span> <span class='ocrx_word' id='word_1_256' title='bbox 457 3181 497 3245; x_wconf 91' lang='lat' dir='ltr'>de</span> <span class='ocrx_word' id='word_1_257' title='bbox 511 3180 544 3264; x_wconf 86' lang='lat' dir='ltr'>iij</span> <span class='ocrx_word' id='word_1_258' title='bbox 557 3202 580 3242; x_wconf 88' lang='lat' dir='ltr'>s.</span> <span class='ocrx_word' id='word_1_259' title='bbox 595 3177 627 3260; x_wconf 84' lang='lat' dir='ltr'>vj</span> <span class='ocrx_word' id='word_1_260' title='bbox 639 3176 670 3240; x_wconf 91' lang='lat' dir='ltr'>d.</span> <span class='ocrx_word' id='word_1_261' title='bbox 685 3175 725 3240; x_wconf 90' lang='lat' dir='ltr'>de</span> <span class='ocrx_word' id='word_1_262' title='bbox 741 3175 840 3239; x_wconf 87' lang='lat' dir='ltr'>tribus</span> <span class='ocrx_word' id='word_1_263' title='bbox 854 3176 962 3239; x_wconf 90' lang='lat' dir='ltr'>vitulis</span> <span class='ocrx_word' id='word_1_264' title='bbox 977 3176 1123 3253; x_wconf 88' lang='lat' dir='ltr'>venditis,</span> <span class='ocrx_word' id='word_1_265' title='bbox 1135 3177 1271 3263; x_wconf 89' lang='lat' dir='ltr'>pretium</span> <span class='ocrx_word' id='word_1_266' title='bbox 1287 3177 1398 3263; x_wconf 90' lang='lat' dir='ltr'>capitis</span> <span class='ocrx_word' id='word_1_267' title='bbox 1412 3177 1468 3240; x_wconf 87' lang='lat' dir='ltr'>xiv</span> <span class='ocrx_word' id='word_1_268' title='bbox 1479 3177 1510 3240; x_wconf 92' lang='lat' dir='ltr'>d.</span> <span class='ocrx_word' id='word_1_269' title='bbox 1555 3176 1598 3240; x_wconf 86' lang='lat' dir='ltr'>Et</span> 
     </span>
     <span class='ocr_line' id='line_1_26' title="bbox 397 3277 1598 3368; baseline -0.003 -20"><span class='ocrx_word' id='word_1_270' title='bbox 397 3284 438 3349; x_wconf 89' lang='lat' dir='ltr'>de</span> <span class='ocrx_word' id='word_1_271' title='bbox 453 3282 545 3368; x_wconf 84' lang='lat' dir='ltr'>xlviij</span> <span class='ocrx_word' id='word_1_272' title='bbox 558 3304 582 3346; x_wconf 91' lang='lat' dir='ltr'>s.</span> <span class='ocrx_word' id='word_1_273' title='bbox 597 3279 636 3344; x_wconf 90' lang='lat' dir='ltr'>de</span> <span class='ocrx_word' id='word_1_274' title='bbox 652 3278 774 3342; x_wconf 91' lang='lat' dir='ltr'>duobus</span> <span class='ocrx_word' id='word_1_275' title='bbox 793 3277 946 3361; x_wconf 90' lang='lat' dir='ltr'>jumentis</span> <span class='ocrx_word' id='word_1_276' title='bbox 970 3279 1206 3365; x_wconf 79' lang='lat' dir='ltr'>quatuordecim</span> <span class='ocrx_word' id='word_1_277' title='bbox 1230 3279 1365 3365; x_wconf 84' lang='lat' dir='ltr'>pullanis</span> <span class='ocrx_word' id='word_1_278' title='bbox 1389 3279 1428 3344; x_wconf 90' lang='lat' dir='ltr'>de</span> <span class='ocrx_word' id='word_1_279' title='bbox 1451 3279 1541 3344; x_wconf 88' lang='lat' dir='ltr'>haras</span> <span class='ocrx_word' id='word_1_280' title='bbox 1562 3280 1598 3344; x_wconf 91' lang='lat' dir='ltr'>in</span> 
     </span>
     <span class='ocr_line' id='line_1_27' title="bbox 398 3380 1597 3475; baseline -0.003 -24"><span class='ocrx_word' id='word_1_281' title='bbox 398 3409 491 3475; x_wconf 85' lang='lat' dir='ltr'>parco</span> <span class='ocrx_word' id='word_1_282' title='bbox 516 3382 664 3459; x_wconf 84' lang='lat' dir='ltr'>venditis,</span> <span class='ocrx_word' id='word_1_283' title='bbox 689 3381 823 3468; x_wconf 81' lang='lat' dir='ltr'>pretium</span> <span class='ocrx_word' id='word_1_284' title='bbox 849 3380 959 3467; x_wconf 82' lang='lat' dir='ltr'>capitis</span> <span class='ocrx_word' id='word_1_285' title='bbox 988 3381 1022 3466; x_wconf 91' lang='lat' dir='ltr'>iij</span> <span class='ocrx_word' id='word_1_286' title='bbox 1034 3404 1057 3444; x_wconf 89' lang='lat' dir='ltr'>s.</span> <span class='ocrx_word' id='word_1_287' title='bbox 1119 3381 1162 3445; x_wconf 84' lang='lat' dir='ltr'>Et</span> <span class='ocrx_word' id='word_1_288' title='bbox 1187 3382 1306 3447; x_wconf 86' lang='lat' dir='ltr'>devs.</span> <span class='ocrx_word' id='word_1_289' title='bbox 1331 3383 1370 3448; x_wconf 92' lang='lat' dir='ltr'>de</span> <span class='ocrx_word' id='word_1_290' title='bbox 1394 3407 1458 3449; x_wconf 91' lang='lat' dir='ltr'>uno</span> <span class='ocrx_word' id='word_1_291' title='bbox 1484 3383 1597 3448; x_wconf 83' lang='lat' dir='ltr'>cacabo</span> 
     </span>
     <span class='ocr_line' id='line_1_28' title="bbox 398 3482 1598 3573; baseline -0.004 -20"><span class='ocrx_word' id='word_1_292' title='bbox 398 3488 539 3553; x_wconf 83' lang='lat' dir='ltr'>vendito.</span> <span class='ocrx_word' id='word_1_293' title='bbox 586 3485 628 3549; x_wconf 83' lang='lat' dir='ltr'>Et</span> <span class='ocrx_word' id='word_1_294' title='bbox 650 3483 689 3548; x_wconf 90' lang='lat' dir='ltr'>de</span> <span class='ocrx_word' id='word_1_295' title='bbox 713 3505 774 3547; x_wconf 91' lang='lat' dir='ltr'>una</span> <span class='ocrx_word' id='word_1_296' title='bbox 789 3482 850 3547; x_wconf 86' lang='lat' dir='ltr'>olla</span> <span class='ocrx_word' id='word_1_297' title='bbox 866 3505 942 3547; x_wconf 86' lang='lat' dir='ltr'>enea</span> <span class='ocrx_word' id='word_1_298' title='bbox 956 3482 1049 3569; x_wconf 88' lang='lat' dir='ltr'>pretii</span> <span class='ocrx_word' id='word_1_299' title='bbox 1064 3483 1119 3568; x_wconf 87' lang='lat' dir='ltr'>viij</span> <span class='ocrx_word' id='word_1_300' title='bbox 1134 3484 1164 3549; x_wconf 90' lang='lat' dir='ltr'>d.</span> <span class='ocrx_word' id='word_1_301' title='bbox 1179 3484 1308 3550; x_wconf 85' lang='lat' dir='ltr'>liberata</span> <span class='ocrx_word' id='word_1_302' title='bbox 1323 3509 1380 3573; x_wconf 88' lang='lat' dir='ltr'>pro</span> <span class='ocrx_word' id='word_1_303' title='bbox 1395 3486 1598 3572; x_wconf 88' lang='lat' dir='ltr'>implemento</span> 
     </span>
     <span class='ocr_line' id='line_1_29' title="bbox 399 3584 1263 3672; baseline -0.005 -17"><span class='ocrx_word' id='word_1_304' title='bbox 399 3602 435 3655; x_wconf 86' lang='lat' dir='ltr'>ut</span> <span class='ocrx_word' id='word_1_305' title='bbox 450 3590 541 3654; x_wconf 84' lang='lat' dir='ltr'>infra.</span> <span class='ocrx_word' id='word_1_306' title='bbox 586 3588 630 3652; x_wconf 89' lang='lat' dir='ltr'>Et</span> <span class='ocrx_word' id='word_1_307' title='bbox 645 3587 684 3652; x_wconf 92' lang='lat' dir='ltr'>de</span> <span class='ocrx_word' id='word_1_308' title='bbox 698 3586 720 3670; x_wconf 90' lang='lat' dir='ltr'>ij</span> <span class='ocrx_word' id='word_1_309' title='bbox 732 3609 758 3651; x_wconf 85' lang='lat' dir='ltr'>s.</span> <span class='ocrx_word' id='word_1_310' title='bbox 773 3585 812 3650; x_wconf 92' lang='lat' dir='ltr'>de</span> <span class='ocrx_word' id='word_1_311' title='bbox 828 3608 891 3648; x_wconf 84' lang='lat' dir='ltr'>una</span> <span class='ocrx_word' id='word_1_312' title='bbox 905 3584 1019 3672; x_wconf 84' lang='lat' dir='ltr'>patella</span> <span class='ocrx_word' id='word_1_313' title='bbox 1034 3608 1111 3650; x_wconf 86' lang='lat' dir='ltr'>enea</span> <span class='ocrx_word' id='word_1_314' title='bbox 1125 3586 1263 3651; x_wconf 85' lang='lat' dir='ltr'>vendita.</span> 
     </span>
    </p>

    <p class='ocr_par' dir='ltr' id='par_1_6' title="bbox 1210 3686 1553 3772">
     <span class='ocr_line' id='line_1_30' title="bbox 1210 3686 1553 3772; baseline -0.012 -20"><span class='ocrx_word' id='word_1_315' title='bbox 1210 3686 1340 3752; x_wconf 90' lang='lat' dir='ltr'>Summa</span> <span class='ocrx_word' id='word_1_316' title='bbox 1354 3688 1410 3772; x_wconf 86' lang='lat' dir='ltr'>xxj</span> <span class='ocrx_word' id='word_1_317' title='bbox 1424 3687 1458 3752; x_wconf 89' lang='lat' dir='ltr'>li.</span> <span class='ocrx_word' id='word_1_318' title='bbox 1473 3687 1516 3770; x_wconf 84' lang='lat' dir='ltr'>vij</span> <span class='ocrx_word' id='word_1_319' title='bbox 1530 3710 1553 3749; x_wconf 92' lang='lat' dir='ltr'>s.</span> 
     </span>
    </p>
   </div>
   <div class='ocr_carea' id='block_1_5' title="bbox 444 3888 1599 3977">
    <p class='ocr_par' dir='ltr' id='par_1_7' title="bbox 444 3856 1611 3977">
     <span class='ocr_line' id='line_1_31' title="bbox 444 3888 1599 3977; baseline -0.002 -21"><span class='ocrx_word' id='word_1_320' title='bbox 444 3892 544 3956; x_wconf 66' lang='lat' dir='ltr'>lctus.</span> <span class='ocrx_word' id='word_1_321' title='bbox 592 3889 780 3955; x_wconf 87' lang='lat' dir='ltr'>Liberantur</span> <span class='ocrx_word' id='word_1_322' title='bbox 797 3888 906 3955; x_wconf 81' lang='lat' dir='ltr'>Electa</span> <span class='ocrx_word' id='word_1_323' title='bbox 922 3888 1039 3955; x_wconf 87' lang='lat' dir='ltr'>ibidem</span> <span class='ocrx_word' id='word_1_324' title='bbox 1054 3913 1111 3977; x_wconf 88' lang='lat' dir='ltr'>pro</span> <span class='ocrx_word' id='word_1_325' title='bbox 1126 3889 1330 3976; x_wconf 89' lang='lat' dir='ltr'>implemento</span> <span class='ocrx_word' id='word_1_326' title='bbox 1353 3903 1487 3977; x_wconf 90' lang='lat' dir='ltr'>quatuor</span> <span class='ocrx_word' id='word_1_327' title='bbox 1511 3890 1599 3955; x_wconf 86' lang='lat' dir='ltr'>stotti</span> 
     </span>
    </p>
   </div>
   <div class='ocr_carea' id='block_1_6' title="bbox 0 0 1819 4836">
    <p class='ocr_par' dir='ltr' id='par_1_8' title="bbox 0 0 1819 4836">
     <span class='ocr_line' id='line_1_32' title="bbox 0 0 1819 4836; baseline 0 0"><span class='ocrx_word' id='word_1_328' title='bbox 0 0 1819 4836; x_wconf 95' lang='lat' dir='ltr'> </span> 
     </span>
    </p>
   </div>
  </div>
 </body>
</html>
