3562 4822
283 421 344 479 100
575 433 748 483 accouur
764 434 812 482 os
828 435 906 482 rna
923 434 1133 484 exacuroas
1148 435 1195 484 os

282 586 445 658 londarurn
457 589 572 653 mensis
586 591 609 655 J
611 590 743 668 anuarii,
753 590 869 654 dictam
882 589 966 654 diem
977 575 1167 655 dominicam
1176 589 1330 678 proximo
1342 601 1530 677 sequente,

282 706 347 776 quo
368 714 479 777 corpus
494 692 635 759 defuncti
659 694 810 758 traditum
826 692 887 755 fuit
909 692 1114 756 ecclesiastice
1128 691 1288 778 sepulture
1313 691 1351 755 in
1377 691 1529 756 ecclesia

288 792 394 856 Sancti
413 793 502 857 Pauli
520 794 695 871 Londonie,
712 796 856 859 liberatas
878 794 1036 858 canonicis
1058 808 1090 858 et
1110 794 1179 858 aliis
1200 792 1360 858 ministris
1375 794 1528 859 ecclesie

285 918 343 981 pro
359 896 494 983 pitantia
509 897 552 981 xij
566 898 598 961 li.
614 899 755 984 sterling.
771 896 811 960 de
825 897 939 983 quibus
953 896 1100 983 legantur
1115 897 1146 980 vj
1157 896 1204 972 li,
1220 909 1256 959 ut
1270 908 1364 982 patet
1390 897 1433 960 in
1456 910 1527 961 tes·

289 1013 438 1063 tomento.
485 1000 564 1065 ltern
593 1002 626 1064 in
653 1025 717 1065 unc
742 999 847 1085 lapide
874 1023 1048 1063 marmoreo
1072 999 1110 1063 ad
1136 998 1364 1062 tumulandum
1394 1022 1525 1087 corpus

288 1099 429 1164 defuncti
456 1118 572 1188 eiurato,
596 1105 664 1168 xli.
711 1104 791 1167 Item
815 1102 988 1167 liberantur
1008 1102 1131 1166 Thcme
1152 1102 1183 1165 le
1205 1101 1432 1177 Chaundeler,
1458 1125 1523 1189 pro

288 1200 394 1266 labore
409 1227 465 1267 suo
480 1204 561 1268 eirea
576 1207 733 1292 exequias,
749 1206 782 1268 iv
794 1204 826 1267 li.
863 1204 944 1267 ltern
956 1204 1129 1268 liberantur
1144 1203 1320 1267 Willielruo
1332 1204 1374 1268 de
1389 1203 1522 1271 Clalre.

290 1315 376 1378 tone,
393 1327 450 1389 pro
465 1304 570 1370 labore
586 1330 641 1370 suo
657 1309 738 1371 circa
753 1330 876 1392 corpuS,
892 1306 926 1370 xl
939 1330 962 1369 s.
1009 1305 1087 1370 Item
1113 1307 1152 1369 ad
1177 1304 1387 1391 reparandum
1416 1307 1518 1392 pavi·

290 1419 431 1468 mentum
459 1407 541 1469 cirea
567 1410 725 1472 tumulum
752 1409 904 1486 defuncti,
931 1408 998 1492 xvij
1012 1432 1035 1472 s.
1062 1409 1117 1492 viij
1132 1408 1162 1471 d.
1208 1408 1288 1471 Item
1314 1407 1351 1469 in
1377 1408 1517 1494 cygnis,

290 1506 416 1592 gallinis
431 1524 462 1572 et
477 1510 631 1574 cuniculis
649 1512 761 1596 emptis
783 1535 840 1597 pro
862 1512 1009 1575 convivio
1033 1512 1114 1575 facto
1137 1511 1189 1574 die
1211 1510 1371 1596 sepulture
1397 1510 1466 1595 xiij
1481 1511 1516 1574 li.

290 1611 380 1675 xixs.
405 1613 436 1696 vj
449 1613 479 1676 d.
535 1612 615 1677 ltem
644 1614 745 1677 solutu
768 1615 891 1677 cuidam
916 1613 1118 1701 ypothecario
1142 1637 1198 1699 pro
1225 1634 1315 1676 croco
1339 1611 1514 1698 glugiberi

290 1737 381 1779 sucro
396 1731 428 1778 et
444 1716 512 1780 aliis
527 1717 686 1804 speciebus
708 1718 747 1781 ab
771 1741 808 1781 eo
832 1718 945 1802 emptis
968 1741 1024 1802 pro
1047 1716 1289 1780 convivantibus
1312 1716 1429 1778 eodern
1455 1717 1513 1782 die

288 1840 379 1904 super
393 1841 544 1903 expensas
564 1819 705 1884 defuncti
728 1819 761 1882 iv
772 1819 805 1882 li.
821 1819 887 1902 xvij
902 1842 925 1883 s.
974 1819 1077 1896 Panis,
1094 1818 1235 1894 cervisia,
1251 1817 1375 1894 vinum,
1392 1840 1511 1884 carnea

289 1941 405 2004 grosse,
424 1922 527 1985 etalio
542 1923 712 1986 necessaria
724 1922 851 1987 fuerunt
862 1922 901 1985 de
917 1935 1020 1985 stauro
1031 1921 1172 1985 defuncti
1187 1921 1272 1983 dicta
1287 1920 1338 1984 die
1349 1944 1510 2007 expensa,

292 2036 324 2084 et
343 2022 415 2086 ideo
432 2046 494 2087 non
510 2025 767 2112 appretiabantur
782 2024 815 2086 in
835 2023 1026 2093 Inventario,
1043 2022 1126 2108 quod
1150 2035 1221 2108 post
1237 2022 1432 2108 sepulturam
1450 2025 1512 2090 de·

293 2124 391 2188 functi
410 2126 471 2188 fuit
488 2128 614 2190 factum.
661 2127 721 2190 Die
738 2126 859 2203 Martis,
871 2125 1029 2201 videlicet,
1047 2125 1303 2210 septimodecimo
1318 2123 1370 2188 dic
1387 2128 1511 2192 mensis

292 2226 426 2311 predicti
451 2229 595 2312 proximo
618 2243 777 2313 sequente,
801 2230 834 2292 in
857 2227 1076 2292 distributione
1101 2227 1181 2290 facta
1203 2227 1395 2313 pauperibus
1416 2231 1510 2314 apud

293 2325 504 2402 Loudoniaur,
521 2328 615 2410 juxta
635 2330 829 2393 voluntatem
846 2329 1015 2394 Testatoris
1040 2353 1216 2415 expressam
1240 2330 1273 2392 in
1299 2342 1507 2408 testamento,

292 2427 411 2512 vi¹¹xiij
424 2428 457 2491 li.
473 2428 506 2490 iv
518 2453 540 2491 s.
557 2431 697 2514 capiente
709 2431 849 2516 quolibet
867 2455 1002 2518 paupere
1014 2433 1027 2516 j
1041 2432 1072 2495 d.
1119 2430 1157 2494 In
1177 2431 1322 2517 expensis
1342 2430 1429 2495 dieto
1452 2432 1510 2497 die

293 2529 404 2596 Martis
428 2553 632 2597 executorum
655 2556 711 2618 pro
734 2533 954 2598 distributione
975 2534 1115 2620 predicta
1138 2533 1280 2598 facienda
1301 2546 1334 2597 et
1355 2534 1510 2618 expensis

292 2637 409 2703 familie
424 2639 564 2704 defuncti
579 2639 668 2703 factis
690 2639 723 2702 in
742 2639 876 2703 denariis
898 2653 1001 2725 preter
1025 2638 1202 2702 Instaurum
1226 2637 1295 2720 xxij
1308 2660 1330 2700 s.
1356 2637 1389 2699 iv
1402 2636 1435 2701 d.
1451 2638 1509 2702 ob.

293 2740 332 2805 In
348 2741 558 2807 oblationibus
573 2740 748 2806 distributis
771 2741 811 2805 ad
832 2741 939 2804 missas
959 2740 1127 2804 celebratas
1146 2764 1203 2826 pro
1228 2739 1332 2803 anima
1355 2737 1506 2803 defuncti

293 2844 344 2908 die
360 2845 519 2929 sepulture
533 2843 625 2928 xxxij
637 2867 660 2908 s.
915 2841 1043 2905 Summa
1060 2840 1163 2905 cclxx
1171 2842 1203 2904 li.
1221 2840 1276 2924 xvj
1288 2863 1312 2904 s.
1327 2863 1348 2902 x
1360 2838 1391 2902 d.
1407 2840 1460 2902 ob.

338 3047 438 3111 Iidem
456 3060 642 3133 computant
656 3048 690 3111 in
706 3047 926 3112 distributione
941 3047 1022 3112 facta
1036 3046 1224 3133 pauperibus
1239 3045 1291 3109 die
1306 3059 1417 3109 octavo
1434 3061 1510 3131 post

294 3150 485 3236 sepulturam
502 3149 643 3212 defuncti
659 3149 692 3211 in
708 3149 840 3235 pecunia
855 3164 1029 3226 numerata,
1045 3149 1080 3211 xl
1090 3171 1113 3211 s.
1160 3147 1203 3210 Et
1224 3147 1258 3210 in
1282 3146 1511 3213 distributione

293 3254 374 3318 facta
389 3251 590 3338 pauperibus,
607 3264 639 3313 et
653 3249 686 3312 in
702 3249 798 3314 choro
822 3252 951 3316 ecclesie
969 3251 1076 3316 Sancti
1100 3249 1191 3314 Pauli
1213 3249 1254 3312 ad
1276 3249 1400 3311 missam
1423 3249 1510 3312 eele-

293 3356 414 3420 bratam
430 3376 487 3438 pro
503 3352 661 3428 defuncto,
677 3351 835 3416 tricesimo
850 3352 912 3430 die,
928 3353 961 3416 iv
972 3353 1005 3416 li.
1051 3352 1132 3416 Item
1157 3365 1340 3437 computant
1359 3348 1510 3415 liberatas

295 3460 464 3526 camerario
482 3456 589 3520 Sancti
606 3455 696 3519 Pauli
711 3456 753 3519 ad
768 3457 1019 3520 distribuendum
1043 3456 1124 3519 iuter
1148 3455 1279 3537 majores
1293 3453 1460 3517 canonicos
1474 3467 1510 3517 et

295 3563 371 3625 alios
386 3560 514 3624 ecclesie
541 3558 698 3622 ministros
719 3558 758 3622 ad
781 3558 946 3644 pitantiam
971 3558 1022 3621 die
1048 3557 1264 3620 Anniversarii
1289 3555 1428 3642 predicti
1453 3557 1509 3620 de·

296 3663 396 3727 functi
423 3662 453 3746 vj
466 3662 499 3726 li.
546 3661 626 3726 Item
654 3685 711 3748 pro
727 3661 822 3725 cereis
838 3660 951 3745 emptis
971 3660 1004 3723 in
1028 3660 1079 3724 die
1095 3659 1312 3722 Anniversarii
1329 3658 1374 3741 xij
1387 3659 1508 3741 avjd.

297 3761 377 3827 Item
394 3778 577 3849 computant
595 3766 710 3830 solutas
730 3787 788 3850 pro
814 3763 947 3850 pitantia
970 3762 1128 3827 canonicis
1150 3778 1183 3826 et
1205 3761 1355 3824 ministris
1376 3760 1509 3827 ecclesie

295 3866 328 3929 in
341 3866 550 3930 anniversario
562 3868 735 3954 perdecem
748 3890 846 3931 annos
857 3865 1017 3953 proximos
1028 3865 1249 3950 subsequentes
1260 3886 1304 3926 xx
1314 3862 1347 3925 li.
1356 3860 1509 3927 videlieet

297 3968 427 4054 singulis
443 3969 533 4029 anuis
548 3971 581 4031 xl
593 3996 615 4033 s.
988 3967 1117 4031 Summa
1133 3965 1223 4047 xxxij
1237 3965 1269 4027 li.
1285 3965 1330 4047 xij
1341 3988 1365 4027 s.
1380 3965 1412 4048 vj
1424 3963 1456 4027 d.
