3600 4836
300 467 341 529 96
593 479 765 528 166611111
781 480 827 526 or
845 480 920 526 1111
936 479 1151 528 exacuaoss
1166 479 1213 526 on

299 633 449 698 defuncti.
473 632 516 697 Et
531 632 570 698 de
580 633 615 696 xl
621 657 644 698 s.
660 633 699 698 (16
714 633 787 698 feno
801 647 834 700 et
848 634 970 721 foragio
984 632 1101 699 ibidem
1118 633 1261 721 expensis
1276 656 1331 719 per
1345 632 1504 697 ministros

300 735 496 800 Eschaetoris
505 735 538 798 in
548 736 636 822 equis
647 736 710 800 suis
719 752 751 801 61
760 737 794 801 in
801 737 1025 803 sustentatione
1031 736 1163 824 triginta
1174 749 1206 802 61
1218 736 1310 800 unius
1319 735 1503 800 animalium

298 849 407 902 eontra
422 836 617 902 voluntatem
634 838 860 904 Exeoutorum.

517 939 647 1005 Summa
663 941 824 1027 petitionis
845 941 1077 1007 exonerationis
1092 941 1160 1004 xliv
1176 964 1198 1005 a
1215 941 1249 1025 iij
1262 941 1293 1005 d.
1339 940 1383 1005 Et
1397 939 1441 1004 sie
1456 963 1506 1004 re·

558 1055 688 1107 manent
703 1043 742 1107 de
757 1043 881 1130 panello
904 1043 1144 1108 instauramenti
1165 1044 1197 1130 vj
1212 1043 1243 1108 11.
1260 1067 1281 1106 1
1293 1066 1317 1108 6.
1332 1043 1366 1128 iij
1378 1043 1410 1109 d.
1455 1042 1505 1108 De

559 1146 673 1233 quibus
687 1146 805 1213 habent
820 1147 1015 1234 respondere.

342 1352 607 1417 NORTHSTRDE.
653 1351 753 1416 Iidem
766 1353 954 1440 respondent
968 1353 1007 1417 de
1022 1353 1067 1439 xij
1075 1354 1109 1418 11.
1124 1353 1163 1419 de
1178 1354 1335 1419 frumento
1350 1353 1504 1420 existente

296 1453 330 1517 iu
343 1453 481 1540 Grangia
491 1453 632 1518 estimato
647 1454 686 1518 ad
701 1455 864 1540 sexaginta
879 1455 1035 1541 quarteria
1049 1456 1190 1534 vendito,
1207 1456 1343 1542 pretium
1355 1457 1505 1544 quarterii

299 1558 332 1622 iv
341 1581 365 1623 s.
412 1557 455 1622 Et
477 1557 517 1622 de
539 1558 583 1642 lvj
596 1581 619 1623 s.
641 1558 696 1643 viij
710 1559 741 1622 d.
757 1558 796 1622 de
818 1558 913 1622 ordeo
934 1559 1079 1624 estimato
1101 1558 1134 1622 in
1159 1559 1298 1645 Grangia
1321 1559 1361 1624 ad
1383 1559 1502 1646 viginti

297 1661 454 1748 quarteria
469 1660 609 1741 vendito,
624 1661 760 1747 pretium
782 1660 930 1747 quarterii
945 1661 966 1744 ij
978 1684 1001 1724 s.
1016 1661 1079 1725 xd.
1124 1661 1168 1727 Et
1189 1661 1229 1727 (16
1243 1662 1298 1748 xvj
1313 1686 1336 1728 s.
1353 1663 1392 1728 de
1407 1663 1505 1728 veseis

296 1763 447 1828 estimatis
462 1764 501 1828 ad
517 1763 684 1829 duodecim
699 1764 867 1851 quarteria,
882 1764 1018 1828 venditis
1030 1786 1085 1849 per
1096 1763 1231 1851 pretium
1247 1765 1395 1852 quarterii
1406 1767 1461 1851 xvj
1473 1764 1505 1829 d.

298 1864 342 1930 Et
356 1865 395 1931 de
411 1866 479 1950 xliij
493 1889 516 1930 s.
531 1866 565 1929 iv
574 1866 605 1930 d.
620 1865 660 1931 de
675 1890 774 1931 avena
787 1866 930 1931 estimata
952 1865 991 1930 ad
1007 1865 1124 1952 viginti
1138 1878 1171 1931 et
1185 1890 1240 1931 sex
1255 1867 1412 1954 quarteria
1427 1891 1503 1932 ven·

297 1968 375 2047 dita,
389 1969 523 2056 pretium
541 1970 697 2056 quarteria
712 1993 758 2034 xx
768 1970 799 2034 d.
846 1969 889 2034 Et
911 1969 950 2034 de
972 1969 1006 2053 iij
1020 1992 1042 2034 11.
1059 1969 1092 2033 11
1104 1969 1134 2034 (1.
1150 1968 1190 2035 (16
1205 1970 1327 2036 duobus
1341 1970 1505 2058 quarteriis

297 2072 384 2136 ordei
410 2071 567 2136 immundi
590 2071 625 2136 in
648 2073 800 2137 Granario
824 2071 961 2137 venditis
1019 2071 1062 2137 Et
1086 2071 1126 2137 de
1149 2072 1193 2157 xij
1205 2073 1238 2137 li.
1253 2073 1284 2158 vj
1297 2097 1321 2138 s.
1341 2073 1396 2158 viij
1411 2073 1441 2137 d.
1465 2073 1506 2138 de

296 2175 494 2263 septuaginta
508 2189 540 2241 et
563 2192 697 2262 quatuor
711 2177 790 2240 acris
803 2176 963 2241 seminatis
979 2176 1018 2241 de
1033 2175 1192 2241 frumento
1216 2177 1333 2243 ibidem
1357 2176 1504 2255 venditis,

297 2279 433 2366 pretium
448 2302 518 2343 aere
540 2279 573 2362 iij
587 2301 611 2342 s.
627 2277 700 2341 ivd.
759 2278 801 2342 Et
815 2277 855 2342 116
871 2301 914 2341 xv
923 2302 947 2344 s.
964 2278 1003 2344 de
1018 2302 1073 2343 sex
1089 2279 1168 2343 acris
1182 2279 1341 2345 seminatis
1355 2280 1395 2345 de
1409 2279 1503 2344 ordeo

296 2379 413 2467 yemali
432 2379 548 2444 ibidem
566 2379 714 2458 venditis,
730 2379 865 2466 pretium
882 2403 952 2445 aere
966 2380 1023 2465 ijs.
1039 2381 1070 2464 vj
1084 2380 1115 2445 d.

518 2482 648 2547 Summa
662 2483 743 2546 xxxi
752 2483 785 2546 11.
800 2483 846 2566 xij
858 2482 889 2548 d.
935 2482 984 2548 De
998 2483 1112 2571 quibus
1126 2484 1245 2551 habent
1264 2486 1461 2573 respondere.

345 2688 532 2754 STAURUM.
589 2688 690 2754 Iidem
717 2689 905 2776 respondent
929 2689 968 2754 de
993 2690 1026 2754 xl
1036 2714 1060 2756 s.
1080 2690 1119 2756 de
1143 2704 1214 2757 octo
1238 2693 1340 2757 stottis
1355 2692 1502 2771 venditis,

296 2794 432 2881 pretium
448 2793 559 2881 eapitis
574 2816 595 2855 v
606 2816 629 2857 s.
668 2792 712 2857 Et
733 2793 772 2859 (16
787 2816 865 2857 xxs.
881 2793 920 2858 de
935 2793 1059 2858 duobus
1073 2794 1173 2859 bobus
1195 2795 1343 2874 venditis,
1366 2796 1501 2881 pretium

298 2898 410 2985 eapitis
424 2922 447 2962 x
457 2922 481 2963 s.
520 2898 563 2962 Et
578 2898 616 2963 116
628 2897 719 2983 xlviij
731 2921 753 2962 s.
764 2897 803 2961 de
819 2920 875 2962 sex
889 2897 958 2962 aliis
972 2897 1073 2962 bobus
1082 2898 1228 2975 venditis,
1243 2898 1379 2985 pretium
1396 2899 1506 2986 eapitis

297 3000 354 3085 viij
365 3024 388 3065 s.
433 3000 476 3066 Et
500 3001 539 3065 (16
553 3001 585 3085 vj
597 3026 621 3067 s.
643 3000 701 3085 viij
711 3001 743 3065 d.
758 3000 798 3066 de
820 3000 942 3065 duobus
964 3001 1051 3088 equis
1073 3001 1256 3080 careotariis‚
1273 3026 1406 3089 quorum
1425 3025 1507 3066 unus

298 3105 361 3170 suit
375 3128 476 3184 cecus,
492 3104 639 3169 venditis.
685 3103 728 3168 Et
746 3103 787 3167 de
810 3103 886 3168 ivd.
907 3104 946 3169 de
971 3128 1035 3169 una
1057 3105 1119 3169 olla
1145 3128 1222 3170 enea
1245 3105 1343 3171 fracta
1366 3105 1505 3171 161111116.

300 3207 345 3273 Ε1
360 3207 398 3273 de
414 3208 445 3293 vj
457 3231 471 3273 s
485 3206 541 3293 viij
555 3207 586 3270 11.
602 3207 642 3271 de
656 3229 719 3269 una
734 3218 870 3270 carrecta
887 3205 1000 3270 serrata
1014 3231 1087 3272 cum
1102 3207 1245 3273 hernesio
1260 3209 1401 3274 vendita.

564 3310 694 3376 Summa
709 3309 740 3393 vj
754 3307 787 3372 li.
803 3308 883 3372 xxd
938 3307 988 3374 De
1003 3309 1117 3396 quibus
1131 3310 1249 3377 habent
1265 3311 1462 3400 respondere.

345 3517 587 3583 Baucnnsam.
632 3514 733 3580 Iidem
749 3513 938 3600 respondent
953 3514 992 3579 de
1007 3515 1038 3600 vj
1052 3515 1084 3578 li.
1100 3515 1157 3601 xiij
1169 3540 1192 3581 s.
1208 3517 1241 3580 iv
1253 3516 1283 3581 11.
1299 3517 1338 3583 de
1351 3516 1508 3582 frumento

299 3620 443 3686 estimato
464 3620 498 3683 in
513 3618 646 3706 grangia
660 3618 700 3683 ad
715 3617 922 3705 quadraginta
936 3619 1092 3705 quarteria
1106 3619 1247 3699 vendito,
1261 3621 1399 3708 pretium
1415 3642 1507 3707 quar·

299 3721 370 3786 terii
393 3721 426 3805 iij
439 3744 461 3784 s.
478 3721 552 3786 1111.
608 3721 652 3786 Et
673 3720 871 3785 (1611116116
894 3720 1019 3808 siligine
1043 3722 1186 3787 estimato
1210 3723 1248 3788 ad
1270 3746 1326 3788 sex
1350 3722 1508 3810 quarteria

300 3823 442 3901 vendito,
460 3824 594 3910 pretium
620 3823 768 3912 quarterii
792 3824 814 3908 ij
827 3847 850 3888 s.
871 3824 904 3888 11
916 3824 948 3892 d.
993 3826 1037 3890 Et
1060 3827 1100 3892 (16
1121 3827 1191 3892 lxix
1201 3852 1224 3893 s.
1248 3828 1282 3892 iv
1294 3828 1324 3893 d.
1348 3828 1388 3893 de
1412 3827 1508 3892 ordeo

299 3928 443 3994 estimato
459 3928 491 3990 in
507 3927 646 4014 grangiis
660 3927 699 3991 ad
712 3927 827 4014 viginti
842 3940 875 3992 et
889 3952 944 3993 sex
959 3929 1124 4016 quarteria,
1136 3931 1271 4017 pretium
1286 3929 1436 4019 quarterii
1451 3929 1506 4014 ijs.

300 4032 355 4117 viij
367 4031 399 4096 d.
414 4030 552 4095 vendito.
589 4030 681 4096 Etde
696 4031 727 4115 vj
741 4031 773 4093 li.
788 4031 827 4095 de
842 4054 942 4097 616116
956 4032 1099 4097 estimata
1120 4031 1154 4096 in
1171 4031 1314 4122 Grangia
1328 4034 1368 4098 ad
1384 4045 1508 4120 quater·
