<?xml version="1.0" encoding="UTF-8"?>
<!DOCTYPE html PUBLIC "-//W3C//DTD XHTML 1.0 Transitional//EN"
    "http://www.w3.org/TR/xhtml1/DTD/xhtml1-transitional.dtd">
<html xmlns="http://www.w3.org/1999/xhtml" xml:lang="en" lang="en">
 <head>
  <title>
</title>
<meta http-equiv="Content-Type" content="text/html;charset=utf-8" />
  <meta name='ocr-system' content='tesseract 3.04.00' />
  <meta name='ocr-capabilities' content='ocr_page ocr_carea ocr_par ocr_line ocrx_word'/>
</head>
<body>
  <div class='ocr_page' id='page_1' title='image "accountexecutor00ellagoog_0085.png"; bbox 0 0 3562 4822; ppageno 0'>
   <div class='ocr_carea' id='block_1_1' title="bbox 355 463 1256 527">
    <p class='ocr_par' dir='ltr' id='par_1_1' title="bbox 355 463 1256 527">
     <span class='ocr_line' id='line_1_1' title="bbox 355 463 1256 527; baseline -0.002 -2"><span class='ocrx_word' id='word_1_1' title='bbox 355 463 397 525; x_wconf 88' lang='grc'>36</span> <span class='ocrx_word' id='word_1_2' title='bbox 648 478 815 526; x_wconf 78' lang='lat' dir='ltr'>accouur</span> <span class='ocrx_word' id='word_1_3' title='bbox 831 479 879 527; x_wconf 85' lang='lat' dir='ltr'>or</span> <span class='ocrx_word' id='word_1_4' title='bbox 891 479 967 526; x_wconf 77' lang='lat' dir='ltr'>ran</span> <span class='ocrx_word' id='word_1_5' title='bbox 984 475 1199 526; x_wconf 80' lang='lat' dir='ltr'>axacurons</span> <span class='ocrx_word' id='word_1_6' title='bbox 1209 477 1256 524; x_wconf 85' lang='lat' dir='ltr'>or</span> 
     </span>
    </p>
   </div>
   <div class='ocr_carea' id='block_1_2' title="bbox 355 625 1559 900">
    <p class='ocr_par' dir='ltr' id='par_1_2' title="bbox 355 625 1559 900">
     <span class='ocr_line' id='line_1_2' title="bbox 357 625 1559 719; baseline -0.004 -25"><span class='ocrx_word' id='word_1_7' title='bbox 357 632 532 718; x_wconf 87' lang='lat' dir='ltr'>pervisum</span> <span class='ocrx_word' id='word_1_8' title='bbox 549 631 693 719; x_wconf 81' lang='lat' dir='ltr'>Magistri</span> <span class='ocrx_word' id='word_1_9' title='bbox 710 632 749 698; x_wconf 90' lang='lat' dir='ltr'>R.</span> <span class='ocrx_word' id='word_1_10' title='bbox 767 633 967 698; x_wconf 88' lang='lat' dir='ltr'>Cementarii.</span> <span class='ocrx_word' id='word_1_11' title='bbox 1012 631 1160 719; x_wconf 64' lang='lat' dir='ltr'>Erotem]</span> <span class='ocrx_word' id='word_1_12' title='bbox 1194 631 1275 696; x_wconf 87' lang='lat' dir='ltr'>Item</span> <span class='ocrx_word' id='word_1_13' title='bbox 1291 630 1325 693; x_wconf 91' lang='lat' dir='ltr'>in</span> <span class='ocrx_word' id='word_1_14' title='bbox 1340 625 1559 692; x_wconf 75' lang='lat' dir='ltr'>emendatione</span> 
     </span>
     <span class='ocr_line' id='line_1_3' title="bbox 355 728 1556 821; baseline -0.004 -25"><span class='ocrx_word' id='word_1_15' title='bbox 355 730 410 796; x_wconf 91' lang='lat' dir='ltr'>alti</span> <span class='ocrx_word' id='word_1_16' title='bbox 434 732 538 819; x_wconf 89' lang='lat' dir='ltr'>pontis</span> <span class='ocrx_word' id='word_1_17' title='bbox 556 733 651 817; x_wconf 85' lang='lat' dir='ltr'>juxta</span> <span class='ocrx_word' id='word_1_18' title='bbox 678 733 841 821; x_wconf 87' lang='lat' dir='ltr'>Houspille</span> <span class='ocrx_word' id='word_1_19' title='bbox 865 734 899 798; x_wconf 92' lang='lat' dir='ltr'>in</span> <span class='ocrx_word' id='word_1_20' title='bbox 922 734 1074 799; x_wconf 86' lang='lat' dir='ltr'>comitatu</span> <span class='ocrx_word' id='word_1_21' title='bbox 1101 733 1256 799; x_wconf 88' lang='lat' dir='ltr'>Somerset</span> <span class='ocrx_word' id='word_1_22' title='bbox 1285 748 1340 797; x_wconf 85' lang='lat' dir='ltr'>cs.</span> <span class='ocrx_word' id='word_1_23' title='bbox 1370 752 1426 816; x_wconf 89' lang='lat' dir='ltr'>per</span> <span class='ocrx_word' id='word_1_24' title='bbox 1454 728 1556 792; x_wconf 85' lang='lat' dir='ltr'>visum</span> 
     </span>
     <span class='ocr_line' id='line_1_4' title="bbox 358 833 776 900; baseline 0.002 -2"><span class='ocrx_word' id='word_1_25' title='bbox 358 833 585 899; x_wconf 87' lang='lat' dir='ltr'>Archidiaconi</span> <span class='ocrx_word' id='word_1_26' title='bbox 602 833 776 900; x_wconf 87' lang='lat' dir='ltr'>Wellensis</span> 
     </span>
    </p>
   </div>
   <div class='ocr_carea' id='block_1_3' title="bbox 993 935 1514 1022">
    <p class='ocr_par' dir='ltr' id='par_1_3' title="bbox 993 935 1514 1022">
     <span class='ocr_line' id='line_1_5' title="bbox 993 935 1514 1022; baseline -0.006 -19"><span class='ocrx_word' id='word_1_27' title='bbox 993 938 1122 1003; x_wconf 89' lang='lat' dir='ltr'>Summa</span> <span class='ocrx_word' id='word_1_28' title='bbox 1138 937 1228 1022; x_wconf 80' lang='lat' dir='ltr'>lxviij</span> <span class='ocrx_word' id='word_1_29' title='bbox 1241 937 1274 1001; x_wconf 90' lang='lat' dir='ltr'>li.</span> <span class='ocrx_word' id='word_1_30' title='bbox 1290 937 1323 1022; x_wconf 86' lang='lat' dir='ltr'>xj</span> <span class='ocrx_word' id='word_1_31' title='bbox 1336 960 1359 1002; x_wconf 90' lang='lat' dir='ltr'>s.</span> <span class='ocrx_word' id='word_1_32' title='bbox 1376 936 1398 1021; x_wconf 87' lang='lat' dir='ltr'>ij</span> <span class='ocrx_word' id='word_1_33' title='bbox 1414 935 1445 1000; x_wconf 92' lang='lat' dir='ltr'>d.</span> <span class='ocrx_word' id='word_1_34' title='bbox 1460 958 1514 1022; x_wconf 91' lang='lat' dir='ltr'>qu.</span> 
     </span>
    </p>
   </div>
   <div class='ocr_carea' id='block_1_4' title="bbox 353 1140 1560 2960">
    <p class='ocr_par' dir='ltr' id='par_1_4' title="bbox 353 1140 1560 2960">
     <span class='ocr_line' id='line_1_6' title="bbox 402 1140 1556 1227; baseline -0.003 -21"><span class='ocrx_word' id='word_1_35' title='bbox 402 1143 572 1207; x_wconf 83' lang='lat' dir='ltr'>Exrnusa</span> <span class='ocrx_word' id='word_1_36' title='bbox 588 1161 700 1208; x_wconf 79' lang='lat' dir='ltr'>crsca</span> <span class='ocrx_word' id='word_1_37' title='bbox 721 1159 886 1208; x_wconf 79' lang='lat' dir='ltr'>uncorra</span> <span class='ocrx_word' id='word_1_38' title='bbox 910 1160 1154 1207; x_wconf 80' lang='lat' dir='ltr'>rnsrauaurr.</span> <span class='ocrx_word' id='word_1_39' title='bbox 1200 1141 1300 1206; x_wconf 87' lang='lat' dir='ltr'>Iidem</span> <span class='ocrx_word' id='word_1_40' title='bbox 1323 1152 1507 1227; x_wconf 82' lang='lat' dir='ltr'>computant</span> <span class='ocrx_word' id='word_1_41' title='bbox 1522 1140 1556 1203; x_wconf 90' lang='lat' dir='ltr'>in</span> 
     </span>
     <span class='ocr_line' id='line_1_7' title="bbox 356 1241 1558 1331; baseline -0.004 -21"><span class='ocrx_word' id='word_1_42' title='bbox 356 1243 514 1310; x_wconf 77' lang='lat' dir='ltr'>solucione</span> <span class='ocrx_word' id='word_1_43' title='bbox 530 1244 612 1309; x_wconf 86' lang='lat' dir='ltr'>facta</span> <span class='ocrx_word' id='word_1_44' title='bbox 627 1244 769 1308; x_wconf 70' lang='lat' dir='ltr'>«Iohanni</span> <span class='ocrx_word' id='word_1_45' title='bbox 787 1243 881 1308; x_wconf 90' lang='lat' dir='ltr'>Baret</span> <span class='ocrx_word' id='word_1_46' title='bbox 895 1257 928 1309; x_wconf 92' lang='lat' dir='ltr'>et</span> <span class='ocrx_word' id='word_1_47' title='bbox 951 1244 1075 1331; x_wconf 86' lang='lat' dir='ltr'>Rogero</span> <span class='ocrx_word' id='word_1_48' title='bbox 1100 1244 1204 1330; x_wconf 89' lang='lat' dir='ltr'>Cosyn</span> <span class='ocrx_word' id='word_1_49' title='bbox 1227 1243 1407 1307; x_wconf 85' lang='lat' dir='ltr'>custodibus</span> <span class='ocrx_word' id='word_1_50' title='bbox 1431 1241 1558 1328; x_wconf 86' lang='lat' dir='ltr'>Episco-</span> 
     </span>
     <span class='ocr_line' id='line_1_8' title="bbox 355 1343 1559 1432; baseline -0.002 -24"><span class='ocrx_word' id='word_1_51' title='bbox 355 1357 448 1432; x_wconf 82' lang='lat' dir='ltr'>patus</span> <span class='ocrx_word' id='word_1_52' title='bbox 471 1344 659 1409; x_wconf 86' lang='lat' dir='ltr'>Exoniensis</span> <span class='ocrx_word' id='word_1_53' title='bbox 678 1345 713 1408; x_wconf 90' lang='lat' dir='ltr'>in</span> <span class='ocrx_word' id='word_1_54' title='bbox 735 1343 879 1408; x_wconf 88' lang='lat' dir='ltr'>Devonia</span> <span class='ocrx_word' id='word_1_55' title='bbox 899 1356 931 1409; x_wconf 91' lang='lat' dir='ltr'>et</span> <span class='ocrx_word' id='word_1_56' title='bbox 957 1345 1117 1410; x_wconf 85' lang='lat' dir='ltr'>Cornubia</span> <span class='ocrx_word' id='word_1_57' title='bbox 1143 1357 1282 1430; x_wconf 91' lang='lat' dir='ltr'>tempore</span> <span class='ocrx_word' id='word_1_58' title='bbox 1304 1344 1475 1408; x_wconf 84' lang='lat' dir='ltr'>vacationis</span> <span class='ocrx_word' id='word_1_59' title='bbox 1499 1366 1559 1428; x_wconf 88' lang='lat' dir='ltr'>pro</span> 
     </span>
     <span class='ocr_line' id='line_1_9' title="bbox 355 1445 1558 1534; baseline -0.004 -21"><span class='ocrx_word' id='word_1_60' title='bbox 355 1447 475 1513; x_wconf 87' lang='lat' dir='ltr'>anxilio</span> <span class='ocrx_word' id='word_1_61' title='bbox 490 1470 546 1512; x_wconf 87' lang='lat' dir='ltr'>suo</span> <span class='ocrx_word' id='word_1_62' title='bbox 561 1447 706 1512; x_wconf 88' lang='lat' dir='ltr'>habendo</span> <span class='ocrx_word' id='word_1_63' title='bbox 721 1471 779 1534; x_wconf 90' lang='lat' dir='ltr'>pro</span> <span class='ocrx_word' id='word_1_64' title='bbox 795 1446 909 1512; x_wconf 90' lang='lat' dir='ltr'>debitis</span> <span class='ocrx_word' id='word_1_65' title='bbox 925 1447 1055 1512; x_wconf 89' lang='lat' dir='ltr'>Domini</span> <span class='ocrx_word' id='word_1_66' title='bbox 1070 1447 1211 1512; x_wconf 82' lang='lat' dir='ltr'>levandis</span> <span class='ocrx_word' id='word_1_67' title='bbox 1226 1471 1281 1534; x_wconf 92' lang='lat' dir='ltr'>per</span> <span class='ocrx_word' id='word_1_68' title='bbox 1299 1445 1443 1510; x_wconf 91' lang='lat' dir='ltr'>Maneria</span> <span class='ocrx_word' id='word_1_69' title='bbox 1466 1445 1558 1531; x_wconf 86' lang='lat' dir='ltr'>Epis·</span> 
     </span>
     <span class='ocr_line' id='line_1_10' title="bbox 354 1549 1556 1637; baseline -0.004 -22"><span class='ocrx_word' id='word_1_70' title='bbox 354 1563 484 1636; x_wconf 90' lang='lat' dir='ltr'>copatus</span> <span class='ocrx_word' id='word_1_71' title='bbox 498 1549 531 1613; x_wconf 91' lang='lat' dir='ltr'>in</span> <span class='ocrx_word' id='word_1_72' title='bbox 547 1551 663 1615; x_wconf 91' lang='lat' dir='ltr'>eisdem</span> <span class='ocrx_word' id='word_1_73' title='bbox 678 1550 879 1615; x_wconf 89' lang='lat' dir='ltr'>comitatibus</span> <span class='ocrx_word' id='word_1_74' title='bbox 893 1562 925 1614; x_wconf 90' lang='lat' dir='ltr'>et</span> <span class='ocrx_word' id='word_1_75' title='bbox 946 1551 1015 1615; x_wconf 88' lang='lat' dir='ltr'>aliis</span> <span class='ocrx_word' id='word_1_76' title='bbox 1036 1550 1171 1637; x_wconf 84' lang='lat' dir='ltr'>negotiis</span> <span class='ocrx_word' id='word_1_77' title='bbox 1193 1550 1311 1614; x_wconf 93' lang='lat' dir='ltr'>dietum</span> <span class='ocrx_word' id='word_1_78' title='bbox 1336 1561 1556 1613; x_wconf 86' lang='lat' dir='ltr'>testamentum</span> 
     </span>
     <span class='ocr_line' id='line_1_11' title="bbox 354 1650 1557 1739; baseline -0.003 -22"><span class='ocrx_word' id='word_1_79' title='bbox 354 1653 558 1739; x_wconf 84' lang='lat' dir='ltr'>tangentibus</span> <span class='ocrx_word' id='word_1_80' title='bbox 588 1652 664 1716; x_wconf 84' lang='lat' dir='ltr'>ixli.</span> <span class='ocrx_word' id='word_1_81' title='bbox 692 1652 749 1737; x_wconf 84' lang='lat' dir='ltr'>xiij</span> <span class='ocrx_word' id='word_1_82' title='bbox 761 1676 785 1716; x_wconf 90' lang='lat' dir='ltr'>s.</span> <span class='ocrx_word' id='word_1_83' title='bbox 811 1653 856 1736; x_wconf 85' lang='lat' dir='ltr'>iiij</span> <span class='ocrx_word' id='word_1_84' title='bbox 869 1652 940 1718; x_wconf 89' lang='lat' dir='ltr'>den.</span> <span class='ocrx_word' id='word_1_85' title='bbox 965 1666 997 1718; x_wconf 92' lang='lat' dir='ltr'>et</span> <span class='ocrx_word' id='word_1_86' title='bbox 1022 1653 1143 1717; x_wconf 87' lang='lat' dir='ltr'>clericis</span> <span class='ocrx_word' id='word_1_87' title='bbox 1172 1652 1342 1716; x_wconf 88' lang='lat' dir='ltr'>eorundem</span> <span class='ocrx_word' id='word_1_88' title='bbox 1366 1673 1422 1737; x_wconf 89' lang='lat' dir='ltr'>pro</span> <span class='ocrx_word' id='word_1_89' title='bbox 1447 1650 1557 1714; x_wconf 89' lang='lat' dir='ltr'>eodem</span> 
     </span>
     <span class='ocr_line' id='line_1_12' title="bbox 355 1752 1560 1841; baseline -0.005 -20"><span class='ocrx_word' id='word_1_90' title='bbox 355 1756 413 1840; x_wconf 81' lang='lat' dir='ltr'>xiij</span> <span class='ocrx_word' id='word_1_91' title='bbox 425 1779 449 1821; x_wconf 88' lang='lat' dir='ltr'>s.</span> <span class='ocrx_word' id='word_1_92' title='bbox 465 1756 511 1840; x_wconf 84' lang='lat' dir='ltr'>iiij</span> <span class='ocrx_word' id='word_1_93' title='bbox 526 1757 598 1820; x_wconf 89' lang='lat' dir='ltr'>den.</span> <span class='ocrx_word' id='word_1_94' title='bbox 631 1755 713 1820; x_wconf 84' lang='lat' dir='ltr'>Item</span> <span class='ocrx_word' id='word_1_95' title='bbox 728 1756 762 1819; x_wconf 91' lang='lat' dir='ltr'>in</span> <span class='ocrx_word' id='word_1_96' title='bbox 785 1756 939 1820; x_wconf 91' lang='lat' dir='ltr'>solutione</span> <span class='ocrx_word' id='word_1_97' title='bbox 961 1756 1076 1820; x_wconf 88' lang='lat' dir='ltr'>eisdem</span> <span class='ocrx_word' id='word_1_98' title='bbox 1093 1755 1273 1820; x_wconf 91' lang='lat' dir='ltr'>custodibus</span> <span class='ocrx_word' id='word_1_99' title='bbox 1288 1777 1345 1841; x_wconf 93' lang='lat' dir='ltr'>pro</span> <span class='ocrx_word' id='word_1_100' title='bbox 1360 1752 1560 1839; x_wconf 89' lang='lat' dir='ltr'>aysiamentis</span> 
     </span>
     <span class='ocr_line' id='line_1_13' title="bbox 356 1855 1559 1944; baseline -0.001 -23"><span class='ocrx_word' id='word_1_101' title='bbox 356 1858 520 1923; x_wconf 84' lang='lat' dir='ltr'>domorum</span> <span class='ocrx_word' id='word_1_102' title='bbox 544 1870 577 1923; x_wconf 93' lang='lat' dir='ltr'>et</span> <span class='ocrx_word' id='word_1_103' title='bbox 598 1870 724 1944; x_wconf 88' lang='lat' dir='ltr'>pastura</span> <span class='ocrx_word' id='word_1_104' title='bbox 746 1858 922 1923; x_wconf 87' lang='lat' dir='ltr'>averiorum</span> <span class='ocrx_word' id='word_1_105' title='bbox 948 1859 982 1922; x_wconf 88' lang='lat' dir='ltr'>in</span> <span class='ocrx_word' id='word_1_106' title='bbox 1008 1859 1124 1923; x_wconf 88' lang='lat' dir='ltr'>eisdem</span> <span class='ocrx_word' id='word_1_107' title='bbox 1149 1858 1348 1923; x_wconf 88' lang='lat' dir='ltr'>comitatibus</span> <span class='ocrx_word' id='word_1_108' title='bbox 1362 1857 1393 1940; x_wconf 87' lang='lat' dir='ltr'>vj</span> <span class='ocrx_word' id='word_1_109' title='bbox 1407 1856 1441 1919; x_wconf 92' lang='lat' dir='ltr'>li.</span> <span class='ocrx_word' id='word_1_110' title='bbox 1464 1855 1522 1939; x_wconf 85' lang='lat' dir='ltr'>xiij</span> <span class='ocrx_word' id='word_1_111' title='bbox 1535 1879 1559 1920; x_wconf 90' lang='lat' dir='ltr'>s.</span> 
     </span>
     <span class='ocr_line' id='line_1_14' title="bbox 354 1959 1559 2045; baseline -0.002 -21"><span class='ocrx_word' id='word_1_112' title='bbox 354 1959 402 2045; x_wconf 90' lang='lat' dir='ltr'>iiij</span> <span class='ocrx_word' id='word_1_113' title='bbox 418 1961 489 2025; x_wconf 91' lang='lat' dir='ltr'>den.</span> <span class='ocrx_word' id='word_1_114' title='bbox 544 1960 623 2024; x_wconf 92' lang='lat' dir='ltr'>Item</span> <span class='ocrx_word' id='word_1_115' title='bbox 651 1960 685 2023; x_wconf 90' lang='lat' dir='ltr'>in</span> <span class='ocrx_word' id='word_1_116' title='bbox 712 1959 870 2025; x_wconf 86' lang='lat' dir='ltr'>solucione</span> <span class='ocrx_word' id='word_1_117' title='bbox 895 1960 1034 2025; x_wconf 90' lang='lat' dir='ltr'>Domino</span> <span class='ocrx_word' id='word_1_118' title='bbox 1058 1960 1112 2024; x_wconf 90' lang='lat' dir='ltr'>W.</span> <span class='ocrx_word' id='word_1_119' title='bbox 1145 1960 1184 2024; x_wconf 94' lang='lat' dir='ltr'>de</span> <span class='ocrx_word' id='word_1_120' title='bbox 1216 1959 1407 2024; x_wconf 87' lang='lat' dir='ltr'>Gloucestria</span> <span class='ocrx_word' id='word_1_121' title='bbox 1435 1981 1559 2022; x_wconf 89' lang='lat' dir='ltr'>summo</span> 
     </span>
     <span class='ocr_line' id='line_1_15' title="bbox 355 2060 1558 2150; baseline -0.002 -23"><span class='ocrx_word' id='word_1_122' title='bbox 355 2063 504 2127; x_wconf 87' lang='lat' dir='ltr'>escaetori</span> <span class='ocrx_word' id='word_1_123' title='bbox 519 2062 649 2126; x_wconf 90' lang='lat' dir='ltr'>Domini</span> <span class='ocrx_word' id='word_1_124' title='bbox 666 2063 762 2148; x_wconf 79' lang='lat' dir='ltr'>Regis</span> <span class='ocrx_word' id='word_1_125' title='bbox 777 2064 854 2127; x_wconf 90' lang='lat' dir='ltr'>citra</span> <span class='ocrx_word' id='word_1_126' title='bbox 871 2063 1021 2128; x_wconf 89' lang='lat' dir='ltr'>Trentam</span> <span class='ocrx_word' id='word_1_127' title='bbox 1037 2086 1093 2150; x_wconf 91' lang='lat' dir='ltr'>pro</span> <span class='ocrx_word' id='word_1_128' title='bbox 1108 2062 1227 2128; x_wconf 85' lang='lat' dir='ltr'>auxilio</span> <span class='ocrx_word' id='word_1_129' title='bbox 1242 2076 1274 2127; x_wconf 91' lang='lat' dir='ltr'>et</span> <span class='ocrx_word' id='word_1_130' title='bbox 1294 2062 1398 2125; x_wconf 84' lang='lat' dir='ltr'>favore</span> <span class='ocrx_word' id='word_1_131' title='bbox 1420 2060 1558 2144; x_wconf 84' lang='lat' dir='ltr'>ejusdem</span> 
     </span>
     <span class='ocr_line' id='line_1_16' title="bbox 355 2162 1559 2249; baseline -0.002 -21"><span class='ocrx_word' id='word_1_132' title='bbox 355 2163 501 2229; x_wconf 89' lang='lat' dir='ltr'>habendo</span> <span class='ocrx_word' id='word_1_133' title='bbox 516 2163 549 2226; x_wconf 92' lang='lat' dir='ltr'>in</span> <span class='ocrx_word' id='word_1_134' title='bbox 570 2164 727 2249; x_wconf 88' lang='lat' dir='ltr'>premissis</span> <span class='ocrx_word' id='word_1_135' title='bbox 747 2164 793 2248; x_wconf 88' lang='lat' dir='ltr'>iiij</span> <span class='ocrx_word' id='word_1_136' title='bbox 804 2164 836 2227; x_wconf 91' lang='lat' dir='ltr'>li.</span> <span class='ocrx_word' id='word_1_137' title='bbox 882 2164 962 2229; x_wconf 89' lang='lat' dir='ltr'>Item</span> <span class='ocrx_word' id='word_1_138' title='bbox 992 2165 1130 2229; x_wconf 92' lang='lat' dir='ltr'>Domino</span> <span class='ocrx_word' id='word_1_139' title='bbox 1159 2164 1329 2228; x_wconf 87' lang='lat' dir='ltr'>Laurentio</span> <span class='ocrx_word' id='word_1_140' title='bbox 1347 2163 1386 2226; x_wconf 93' lang='lat' dir='ltr'>de</span> <span class='ocrx_word' id='word_1_141' title='bbox 1409 2162 1559 2227; x_wconf 89' lang='lat' dir='ltr'>Cicestria</span> 
     </span>
     <span class='ocr_line' id='line_1_17' title="bbox 355 2263 1559 2351; baseline -0.002 -21"><span class='ocrx_word' id='word_1_142' title='bbox 355 2265 469 2330; x_wconf 91' lang='lat' dir='ltr'>clerico</span> <span class='ocrx_word' id='word_1_143' title='bbox 483 2287 539 2328; x_wconf 89' lang='lat' dir='ltr'>suo</span> <span class='ocrx_word' id='word_1_144' title='bbox 554 2288 611 2351; x_wconf 90' lang='lat' dir='ltr'>pro</span> <span class='ocrx_word' id='word_1_145' title='bbox 627 2264 736 2328; x_wconf 91' lang='lat' dir='ltr'>eodem</span> <span class='ocrx_word' id='word_1_146' title='bbox 752 2265 784 2348; x_wconf 85' lang='lat' dir='ltr'>vj</span> <span class='ocrx_word' id='word_1_147' title='bbox 796 2287 818 2328; x_wconf 88' lang='lat' dir='ltr'>s.</span> <span class='ocrx_word' id='word_1_148' title='bbox 834 2264 890 2349; x_wconf 85' lang='lat' dir='ltr'>viij</span> <span class='ocrx_word' id='word_1_149' title='bbox 904 2266 933 2329; x_wconf 91' lang='lat' dir='ltr'>d.</span> <span class='ocrx_word' id='word_1_150' title='bbox 989 2266 1069 2330; x_wconf 90' lang='lat' dir='ltr'>Item</span> <span class='ocrx_word' id='word_1_151' title='bbox 1095 2266 1128 2330; x_wconf 94' lang='lat' dir='ltr'>in</span> <span class='ocrx_word' id='word_1_152' title='bbox 1148 2265 1306 2330; x_wconf 87' lang='lat' dir='ltr'>solucione</span> <span class='ocrx_word' id='word_1_153' title='bbox 1328 2264 1408 2328; x_wconf 85' lang='lat' dir='ltr'>facta</span> <span class='ocrx_word' id='word_1_154' title='bbox 1429 2263 1559 2328; x_wconf 87' lang='lat' dir='ltr'>Andree</span> 
     </span>
     <span class='ocr_line' id='line_1_18' title="bbox 355 2365 1558 2454; baseline -0.001 -24"><span class='ocrx_word' id='word_1_155' title='bbox 355 2366 394 2432; x_wconf 89' lang='lat' dir='ltr'>de</span> <span class='ocrx_word' id='word_1_156' title='bbox 412 2365 590 2431; x_wconf 87' lang='lat' dir='ltr'>Medestede</span> <span class='ocrx_word' id='word_1_157' title='bbox 610 2366 817 2430; x_wconf 89' lang='lat' dir='ltr'>subeseaetori</span> <span class='ocrx_word' id='word_1_158' title='bbox 839 2365 970 2430; x_wconf 90' lang='lat' dir='ltr'>Domini</span> <span class='ocrx_word' id='word_1_159' title='bbox 994 2367 1090 2454; x_wconf 83' lang='lat' dir='ltr'>Regis</span> <span class='ocrx_word' id='word_1_160' title='bbox 1111 2367 1146 2431; x_wconf 91' lang='lat' dir='ltr'>in</span> <span class='ocrx_word' id='word_1_161' title='bbox 1168 2366 1366 2432; x_wconf 87' lang='lat' dir='ltr'>comitatibus</span> <span class='ocrx_word' id='word_1_162' title='bbox 1391 2365 1558 2452; x_wconf 91' lang='lat' dir='ltr'>Suthamp·</span> 
     </span>
     <span class='ocr_line' id='line_1_19' title="bbox 353 2466 1558 2553; baseline 0 -21"><span class='ocrx_word' id='word_1_163' title='bbox 353 2468 441 2533; x_wconf 89' lang='lat' dir='ltr'>tonie</span> <span class='ocrx_word' id='word_1_164' title='bbox 465 2480 497 2531; x_wconf 91' lang='lat' dir='ltr'>et</span> <span class='ocrx_word' id='word_1_165' title='bbox 530 2466 655 2531; x_wconf 89' lang='lat' dir='ltr'>Surreie</span> <span class='ocrx_word' id='word_1_166' title='bbox 682 2489 738 2553; x_wconf 92' lang='lat' dir='ltr'>pro</span> <span class='ocrx_word' id='word_1_167' title='bbox 763 2467 868 2531; x_wconf 84' lang='lat' dir='ltr'>favore</span> <span class='ocrx_word' id='word_1_168' title='bbox 892 2480 925 2532; x_wconf 89' lang='lat' dir='ltr'>et</span> <span class='ocrx_word' id='word_1_169' title='bbox 948 2467 1067 2532; x_wconf 86' lang='lat' dir='ltr'>auxilio</span> <span class='ocrx_word' id='word_1_170' title='bbox 1093 2469 1232 2553; x_wconf 89' lang='lat' dir='ltr'>ejusdem</span> <span class='ocrx_word' id='word_1_171' title='bbox 1258 2467 1403 2535; x_wconf 89' lang='lat' dir='ltr'>habendo</span> <span class='ocrx_word' id='word_1_172' title='bbox 1427 2480 1464 2531; x_wconf 90' lang='lat' dir='ltr'>ut</span> <span class='ocrx_word' id='word_1_173' title='bbox 1488 2491 1558 2553; x_wconf 90' lang='lat' dir='ltr'>pre-</span> 
     </span>
     <span class='ocr_line' id='line_1_20' title="bbox 355 2568 1558 2655; baseline 0 -21"><span class='ocrx_word' id='word_1_174' title='bbox 355 2569 477 2634; x_wconf 90' lang='lat' dir='ltr'>dictum</span> <span class='ocrx_word' id='word_1_175' title='bbox 493 2583 540 2634; x_wconf 89' lang='lat' dir='ltr'>est</span> <span class='ocrx_word' id='word_1_176' title='bbox 555 2569 609 2654; x_wconf 84' lang='lat' dir='ltr'>xvj</span> <span class='ocrx_word' id='word_1_177' title='bbox 624 2592 648 2633; x_wconf 88' lang='lat' dir='ltr'>s.</span> <span class='ocrx_word' id='word_1_178' title='bbox 664 2568 720 2652; x_wconf 79' lang='lat' dir='ltr'>viij</span> <span class='ocrx_word' id='word_1_179' title='bbox 735 2569 767 2633; x_wconf 88' lang='lat' dir='ltr'>d.</span> <span class='ocrx_word' id='word_1_180' title='bbox 783 2582 815 2633; x_wconf 87' lang='lat' dir='ltr'>et</span> <span class='ocrx_word' id='word_1_181' title='bbox 837 2591 894 2655; x_wconf 90' lang='lat' dir='ltr'>pro</span> <span class='ocrx_word' id='word_1_182' title='bbox 916 2569 1116 2655; x_wconf 88' lang='lat' dir='ltr'>aysiamentis</span> <span class='ocrx_word' id='word_1_183' title='bbox 1139 2571 1304 2634; x_wconf 89' lang='lat' dir='ltr'>domorum</span> <span class='ocrx_word' id='word_1_184' title='bbox 1327 2571 1358 2654; x_wconf 89' lang='lat' dir='ltr'>vj</span> <span class='ocrx_word' id='word_1_185' title='bbox 1372 2593 1395 2633; x_wconf 91' lang='lat' dir='ltr'>s.</span> <span class='ocrx_word' id='word_1_186' title='bbox 1417 2569 1473 2655; x_wconf 89' lang='lat' dir='ltr'>viij</span> <span class='ocrx_word' id='word_1_187' title='bbox 1486 2570 1558 2634; x_wconf 89' lang='lat' dir='ltr'>den.</span> 
     </span>
     <span class='ocr_line' id='line_1_21' title="bbox 356 2669 1559 2758; baseline 0 -22"><span class='ocrx_word' id='word_1_188' title='bbox 356 2670 438 2736; x_wconf 86' lang='lat' dir='ltr'>Item</span> <span class='ocrx_word' id='word_1_189' title='bbox 468 2695 525 2758; x_wconf 91' lang='lat' dir='ltr'>pro</span> <span class='ocrx_word' id='word_1_190' title='bbox 548 2682 672 2757; x_wconf 83' lang='lat' dir='ltr'>pastura</span> <span class='ocrx_word' id='word_1_191' title='bbox 701 2669 879 2734; x_wconf 85' lang='lat' dir='ltr'>averiorum</span> <span class='ocrx_word' id='word_1_192' title='bbox 909 2669 949 2734; x_wconf 92' lang='lat' dir='ltr'>de</span> <span class='ocrx_word' id='word_1_193' title='bbox 973 2669 1121 2734; x_wconf 87' lang='lat' dir='ltr'>Farndon</span> <span class='ocrx_word' id='word_1_194' title='bbox 1145 2670 1331 2736; x_wconf 87' lang='lat' dir='ltr'>Chudeham</span> <span class='ocrx_word' id='word_1_195' title='bbox 1353 2683 1386 2736; x_wconf 91' lang='lat' dir='ltr'>et</span> <span class='ocrx_word' id='word_1_196' title='bbox 1409 2671 1559 2758; x_wconf 87' lang='lat' dir='ltr'>Thornye</span> 
     </span>
     <span class='ocr_line' id='line_1_22' title="bbox 355 2771 1560 2858; baseline 0.001 -21"><span class='ocrx_word' id='word_1_197' title='bbox 355 2775 457 2858; x_wconf 84' lang='lat' dir='ltr'><strong>xxxvj</strong></span> <span class='ocrx_word' id='word_1_198' title='bbox 473 2796 498 2837; x_wconf 91' lang='lat' dir='ltr'>s.</span> <span class='ocrx_word' id='word_1_199' title='bbox 512 2773 546 2857; x_wconf 83' lang='lat' dir='ltr'>iij</span> <span class='ocrx_word' id='word_1_200' title='bbox 557 2773 632 2838; x_wconf 89' lang='lat' dir='ltr'>den.</span> <span class='ocrx_word' id='word_1_201' title='bbox 676 2772 757 2835; x_wconf 86' lang='lat' dir='ltr'>Item</span> <span class='ocrx_word' id='word_1_202' title='bbox 780 2771 920 2857; x_wconf 86' lang='lat' dir='ltr'>garcioni</span> <span class='ocrx_word' id='word_1_203' title='bbox 944 2771 1083 2855; x_wconf 89' lang='lat' dir='ltr'>ejusdem</span> <span class='ocrx_word' id='word_1_204' title='bbox 1106 2772 1140 2857; x_wconf 83' lang='lat' dir='ltr'>iij</span> <span class='ocrx_word' id='word_1_205' title='bbox 1152 2773 1223 2837; x_wconf 90' lang='lat' dir='ltr'>den.</span> <span class='ocrx_word' id='word_1_206' title='bbox 1270 2773 1350 2837; x_wconf 87' lang='lat' dir='ltr'>Item</span> <span class='ocrx_word' id='word_1_207' title='bbox 1374 2774 1408 2837; x_wconf 92' lang='lat' dir='ltr'>in</span> <span class='ocrx_word' id='word_1_208' title='bbox 1429 2773 1560 2838; x_wconf 86' lang='lat' dir='ltr'>diversis</span> 
     </span>
     <span class='ocr_line' id='line_1_23' title="bbox 354 2873 1560 2960; baseline -0.002 -18"><span class='ocrx_word' id='word_1_209' title='bbox 354 2876 502 2942; x_wconf 90' lang='lat' dir='ltr'>brevibus</span> <span class='ocrx_word' id='word_1_210' title='bbox 517 2875 613 2960; x_wconf 85' lang='lat' dir='ltr'>Regis</span> <span class='ocrx_word' id='word_1_211' title='bbox 627 2873 831 2960; x_wconf 85' lang='lat' dir='ltr'>impetrandis</span> <span class='ocrx_word' id='word_1_212' title='bbox 845 2896 902 2959; x_wconf 92' lang='lat' dir='ltr'>pro</span> <span class='ocrx_word' id='word_1_213' title='bbox 917 2883 997 2935; x_wconf 69' lang='lat' dir='ltr'>xvma</span> <span class='ocrx_word' id='word_1_214' title='bbox 1011 2874 1165 2937; x_wconf 87' lang='lat' dir='ltr'>bonorum</span> <span class='ocrx_word' id='word_1_215' title='bbox 1188 2874 1265 2939; x_wconf 90' lang='lat' dir='ltr'>dicti</span> <span class='ocrx_word' id='word_1_216' title='bbox 1288 2874 1428 2940; x_wconf 78' lang='lat' dir='ltr'>defuncti</span> <span class='ocrx_word' id='word_1_217' title='bbox 1450 2889 1560 2940; x_wconf 87' lang='lat' dir='ltr'>exacta</span> 
     </span>
    </p>
   </div>
   <div class='ocr_carea' id='block_1_5' title="bbox 354 3076 1560 3576">
    <p class='ocr_par' dir='ltr' id='par_1_5' title="bbox 354 3076 1560 3576">
     <span class='ocr_line' id='line_1_24' title="bbox 355 3076 1560 3168; baseline 0.003 -23"><span class='ocrx_word' id='word_1_218' title='bbox 355 3081 437 3145; x_wconf 86' lang='lat' dir='ltr'>facta</span> <span class='ocrx_word' id='word_1_219' title='bbox 452 3079 594 3143; x_wconf 87' lang='lat' dir='ltr'>Waltero</span> <span class='ocrx_word' id='word_1_220' title='bbox 608 3078 647 3142; x_wconf 91' lang='lat' dir='ltr'>de</span> <span class='ocrx_word' id='word_1_221' title='bbox 659 3076 859 3163; x_wconf 86' lang='lat' dir='ltr'>Northwych</span> <span class='ocrx_word' id='word_1_222' title='bbox 868 3078 981 3142; x_wconf 88' lang='lat' dir='ltr'>clerieo</span> <span class='ocrx_word' id='word_1_223' title='bbox 991 3077 1122 3143; x_wconf 90' lang='lat' dir='ltr'>Domini</span> <span class='ocrx_word' id='word_1_224' title='bbox 1135 3079 1231 3167; x_wconf 87' lang='lat' dir='ltr'>Regis</span> <span class='ocrx_word' id='word_1_225' title='bbox 1240 3105 1298 3168; x_wconf 90' lang='lat' dir='ltr'>pro</span> <span class='ocrx_word' id='word_1_226' title='bbox 1310 3081 1401 3148; x_wconf 87' lang='lat' dir='ltr'>dietis</span> <span class='ocrx_word' id='word_1_227' title='bbox 1412 3084 1560 3149; x_wconf 84' lang='lat' dir='ltr'>brevibus</span> 
     </span>
     <span class='ocr_line' id='line_1_25' title="bbox 355 3179 1559 3270; baseline 0.003 -23"><span class='ocrx_word' id='word_1_228' title='bbox 355 3181 561 3270; x_wconf 86' lang='lat' dir='ltr'>impetrandis</span> <span class='ocrx_word' id='word_1_229' title='bbox 576 3180 610 3244; x_wconf 85' lang='lat' dir='ltr'>xl</span> <span class='ocrx_word' id='word_1_230' title='bbox 622 3203 645 3243; x_wconf 89' lang='lat' dir='ltr'>s.</span> <span class='ocrx_word' id='word_1_231' title='bbox 692 3179 772 3244; x_wconf 89' lang='lat' dir='ltr'>Item</span> <span class='ocrx_word' id='word_1_232' title='bbox 792 3179 826 3241; x_wconf 89' lang='lat' dir='ltr'>in</span> <span class='ocrx_word' id='word_1_233' title='bbox 847 3180 993 3264; x_wconf 85' lang='lat' dir='ltr'>expensis</span> <span class='ocrx_word' id='word_1_234' title='bbox 1017 3180 1151 3245; x_wconf 83' lang='lat' dir='ltr'>Galsridi</span> <span class='ocrx_word' id='word_1_235' title='bbox 1172 3183 1211 3247; x_wconf 92' lang='lat' dir='ltr'>de</span> <span class='ocrx_word' id='word_1_236' title='bbox 1235 3183 1325 3270; x_wconf 90' lang='lat' dir='ltr'>Lucy</span> <span class='ocrx_word' id='word_1_237' title='bbox 1346 3208 1452 3250; x_wconf 90' lang='lat' dir='ltr'>versus</span> <span class='ocrx_word' id='word_1_238' title='bbox 1475 3185 1559 3251; x_wconf 89' lang='lat' dir='ltr'>Lon·</span> 
     </span>
     <span class='ocr_line' id='line_1_26' title="bbox 355 3279 1560 3371; baseline 0.003 -23"><span class='ocrx_word' id='word_1_239' title='bbox 355 3284 481 3348; x_wconf 90' lang='lat' dir='ltr'>doniam</span> <span class='ocrx_word' id='word_1_240' title='bbox 499 3307 554 3371; x_wconf 92' lang='lat' dir='ltr'>pro</span> <span class='ocrx_word' id='word_1_241' title='bbox 569 3281 661 3346; x_wconf 88' lang='lat' dir='ltr'>dictis</span> <span class='ocrx_word' id='word_1_242' title='bbox 676 3279 824 3345; x_wconf 89' lang='lat' dir='ltr'>brevibus</span> <span class='ocrx_word' id='word_1_243' title='bbox 839 3280 1005 3366; x_wconf 89' lang='lat' dir='ltr'>querendis</span> <span class='ocrx_word' id='word_1_244' title='bbox 1027 3293 1059 3346; x_wconf 92' lang='lat' dir='ltr'>et</span> <span class='ocrx_word' id='word_1_245' title='bbox 1081 3284 1271 3370; x_wconf 83' lang='lat' dir='ltr'>exequendis</span> <span class='ocrx_word' id='word_1_246' title='bbox 1292 3309 1355 3350; x_wconf 90' lang='lat' dir='ltr'>una</span> <span class='ocrx_word' id='word_1_247' title='bbox 1378 3311 1449 3351; x_wconf 91' lang='lat' dir='ltr'>curn</span> <span class='ocrx_word' id='word_1_248' title='bbox 1472 3311 1560 3352; x_wconf 90' lang='lat' dir='ltr'>mora</span> 
     </span>
     <span class='ocr_line' id='line_1_27' title="bbox 354 3383 1559 3477; baseline 0.004 -25"><span class='ocrx_word' id='word_1_249' title='bbox 354 3410 407 3453; x_wconf 89' lang='lat' dir='ltr'>sua</span> <span class='ocrx_word' id='word_1_250' title='bbox 434 3389 550 3453; x_wconf 91' lang='lat' dir='ltr'>ibidem</span> <span class='ocrx_word' id='word_1_251' title='bbox 576 3410 632 3473; x_wconf 90' lang='lat' dir='ltr'>pro</span> <span class='ocrx_word' id='word_1_252' title='bbox 659 3383 752 3449; x_wconf 91' lang='lat' dir='ltr'>dictis</span> <span class='ocrx_word' id='word_1_253' title='bbox 776 3384 924 3448; x_wconf 91' lang='lat' dir='ltr'>brevibus</span> <span class='ocrx_word' id='word_1_254' title='bbox 947 3383 1100 3449; x_wconf 87' lang='lat' dir='ltr'>habendis</span> <span class='ocrx_word' id='word_1_255' title='bbox 1124 3400 1155 3450; x_wconf 94' lang='lat' dir='ltr'>et</span> <span class='ocrx_word' id='word_1_256' title='bbox 1178 3388 1213 3449; x_wconf 92' lang='lat' dir='ltr'>in</span> <span class='ocrx_word' id='word_1_257' title='bbox 1236 3388 1397 3454; x_wconf 90' lang='lat' dir='ltr'>redeundo</span> <span class='ocrx_word' id='word_1_258' title='bbox 1421 3393 1523 3477; x_wconf 83' lang='lat' dir='ltr'>xxxvj</span> <span class='ocrx_word' id='word_1_259' title='bbox 1535 3416 1559 3457; x_wconf 93' lang='lat' dir='ltr'>s.</span> 
     </span>
     <span class='ocr_line' id='line_1_28' title="bbox 355 3484 1559 3576; baseline 0.002 -22"><span class='ocrx_word' id='word_1_260' title='bbox 355 3490 436 3554; x_wconf 90' lang='lat' dir='ltr'>Item</span> <span class='ocrx_word' id='word_1_261' title='bbox 466 3491 499 3553; x_wconf 91' lang='lat' dir='ltr'>in</span> <span class='ocrx_word' id='word_1_262' title='bbox 529 3488 640 3552; x_wconf 84' lang='lat' dir='ltr'>littoris</span> <span class='ocrx_word' id='word_1_263' title='bbox 661 3485 822 3574; x_wconf 89' lang='lat' dir='ltr'>portandis</span> <span class='ocrx_word' id='word_1_264' title='bbox 845 3484 999 3572; x_wconf 85' lang='lat' dir='ltr'>Magistro</span> <span class='ocrx_word' id='word_1_265' title='bbox 1022 3485 1073 3550; x_wconf 88' lang='lat' dir='ltr'>W.</span> <span class='ocrx_word' id='word_1_266' title='bbox 1093 3486 1133 3551; x_wconf 89' lang='lat' dir='ltr'>de</span> <span class='ocrx_word' id='word_1_267' title='bbox 1156 3486 1320 3576; x_wconf 84' lang='lat' dir='ltr'>Kilkcnny</span> <span class='ocrx_word' id='word_1_268' title='bbox 1336 3514 1394 3576; x_wconf 92' lang='lat' dir='ltr'>pro</span> <span class='ocrx_word' id='word_1_269' title='bbox 1415 3492 1559 3558; x_wconf 88' lang='lat' dir='ltr'>collecto·</span> 
     </span>
    </p>
   </div>
   <div class='ocr_carea' id='block_1_6' title="bbox 351 3689 1561 3987">
    <p class='ocr_par' dir='ltr' id='par_1_6' title="bbox 351 3689 1561 3987">
     <span class='ocr_line' id='line_1_29' title="bbox 353 3689 1560 3785; baseline 0.006 -28"><span class='ocrx_word' id='word_1_270' title='bbox 353 3695 498 3758; x_wconf 74' lang='lat' dir='ltr'>lanosum</span> <span class='ocrx_word' id='word_1_271' title='bbox 524 3694 628 3755; x_wconf 89' lang='lat' dir='ltr'>euntis</span> <span class='ocrx_word' id='word_1_272' title='bbox 653 3689 852 3754; x_wconf 88' lang='lat' dir='ltr'>Londoniam</span> <span class='ocrx_word' id='word_1_273' title='bbox 875 3690 1138 3777; x_wconf 89' lang='lat' dir='ltr'>proquibusdam</span> <span class='ocrx_word' id='word_1_274' title='bbox 1160 3693 1309 3758; x_wconf 87' lang='lat' dir='ltr'>brevibus</span> <span class='ocrx_word' id='word_1_275' title='bbox 1327 3695 1441 3761; x_wconf 90' lang='lat' dir='ltr'>iterum</span> <span class='ocrx_word' id='word_1_276' title='bbox 1461 3698 1560 3785; x_wconf 88' lang='lat' dir='ltr'>impe-</span> 
     </span>
     <span class='ocr_line' id='line_1_30' title="bbox 352 3791 1561 3878; baseline 0.002 -17"><span class='ocrx_word' id='word_1_277' title='bbox 352 3794 474 3861; x_wconf 84' lang='lat' dir='ltr'>trandis</span> <span class='ocrx_word' id='word_1_278' title='bbox 489 3793 528 3857; x_wconf 91' lang='lat' dir='ltr'>de</span> <span class='ocrx_word' id='word_1_279' title='bbox 544 3793 728 3857; x_wconf 89' lang='lat' dir='ltr'>cancellaria</span> <span class='ocrx_word' id='word_1_280' title='bbox 743 3815 801 3878; x_wconf 92' lang='lat' dir='ltr'>pro</span> <span class='ocrx_word' id='word_1_281' title='bbox 815 3791 924 3855; x_wconf 90' lang='lat' dir='ltr'>eadem</span> <span class='ocrx_word' id='word_1_282' title='bbox 940 3801 1017 3856; x_wconf 63' lang='lat' dir='ltr'>arvma</span> <span class='ocrx_word' id='word_1_283' title='bbox 1031 3805 1141 3858; x_wconf 86' lang='lat' dir='ltr'>exacta</span> <span class='ocrx_word' id='word_1_284' title='bbox 1156 3794 1189 3857; x_wconf 92' lang='lat' dir='ltr'>in</span> <span class='ocrx_word' id='word_1_285' title='bbox 1206 3794 1349 3861; x_wconf 84' lang='lat' dir='ltr'>Devonia</span> <span class='ocrx_word' id='word_1_286' title='bbox 1359 3812 1391 3863; x_wconf 89' lang='lat' dir='ltr'>et</span> <span class='ocrx_word' id='word_1_287' title='bbox 1401 3799 1561 3864; x_wconf 89' lang='lat' dir='ltr'>Cornubia</span> 
     </span>
     <span class='ocr_line' id='line_1_31' title="bbox 351 3892 1560 3987; baseline 0.002 -26"><span class='ocrx_word' id='word_1_288' title='bbox 351 3897 373 3982; x_wconf 92' lang='lat' dir='ltr'>ij</span> <span class='ocrx_word' id='word_1_289' title='bbox 385 3920 409 3960; x_wconf 85' lang='lat' dir='ltr'>s.</span> <span class='ocrx_word' id='word_1_290' title='bbox 421 3895 452 3978; x_wconf 84' lang='lat' dir='ltr'>vj</span> <span class='ocrx_word' id='word_1_291' title='bbox 465 3894 537 3958; x_wconf 90' lang='lat' dir='ltr'>den.</span> <span class='ocrx_word' id='word_1_292' title='bbox 583 3892 622 3955; x_wconf 94' lang='lat' dir='ltr'>In</span> <span class='ocrx_word' id='word_1_293' title='bbox 638 3892 798 3956; x_wconf 90' lang='lat' dir='ltr'>solucione</span> <span class='ocrx_word' id='word_1_294' title='bbox 813 3914 871 3978; x_wconf 91' lang='lat' dir='ltr'>pro</span> <span class='ocrx_word' id='word_1_295' title='bbox 887 3892 1003 3957; x_wconf 87' lang='lat' dir='ltr'>eisdem</span> <span class='ocrx_word' id='word_1_296' title='bbox 1020 3894 1168 3960; x_wconf 85' lang='lat' dir='ltr'>brevibus</span> <span class='ocrx_word' id='word_1_297' title='bbox 1182 3897 1204 3981; x_wconf 86' lang='lat' dir='ltr'>ij</span> <span class='ocrx_word' id='word_1_298' title='bbox 1219 3921 1243 3962; x_wconf 91' lang='lat' dir='ltr'>s.</span> <span class='ocrx_word' id='word_1_299' title='bbox 1289 3897 1371 3963; x_wconf 90' lang='lat' dir='ltr'>Item</span> <span class='ocrx_word' id='word_1_300' title='bbox 1394 3900 1427 3963; x_wconf 94' lang='lat' dir='ltr'>in</span> <span class='ocrx_word' id='word_1_301' title='bbox 1443 3923 1560 3987; x_wconf 86' lang='lat' dir='ltr'>expen-</span> 
     </span>
    </p>
   </div>
   <div class='ocr_carea' id='block_1_7' title="bbox 348 3993 1558 4087">
    <p class='ocr_par' dir='ltr' id='par_1_7' title="bbox 348 3993 1558 4087">
     <span class='ocr_line' id='line_1_32' title="bbox 348 3993 1558 4087; baseline 0.002 -22"><span class='ocrx_word' id='word_1_302' title='bbox 348 4000 389 4065; x_wconf 88' lang='lat' dir='ltr'>sis</span> <span class='ocrx_word' id='word_1_303' title='bbox 403 3997 544 4085; x_wconf 88' lang='lat' dir='ltr'>ejusdem</span> <span class='ocrx_word' id='word_1_304' title='bbox 570 3995 701 4060; x_wconf 88' lang='lat' dir='ltr'>Henrici</span> <span class='ocrx_word' id='word_1_305' title='bbox 727 3994 882 4080; x_wconf 90' lang='lat' dir='ltr'>portantis</span> <span class='ocrx_word' id='word_1_306' title='bbox 904 3993 1022 4061; x_wconf 87' lang='lat' dir='ltr'>litteras</span> <span class='ocrx_word' id='word_1_307' title='bbox 1036 3996 1136 4063; x_wconf 87' lang='lat' dir='ltr'>electo</span> <span class='ocrx_word' id='word_1_308' title='bbox 1164 3999 1311 4065; x_wconf 90' lang='lat' dir='ltr'>Londoni</span> <span class='ocrx_word' id='word_1_309' title='bbox 1335 4024 1392 4087; x_wconf 91' lang='lat' dir='ltr'>pro</span> <span class='ocrx_word' id='word_1_310' title='bbox 1419 4001 1558 4068; x_wconf 87' lang='lat' dir='ltr'>remedio</span> 
     </span>
    </p>
   </div>
   <div class='ocr_carea' id='block_1_8' title="bbox 0 0 1786 4822">
    <p class='ocr_par' dir='ltr' id='par_1_8' title="bbox 0 0 1786 4822">
     <span class='ocr_line' id='line_1_33' title="bbox 0 0 1786 4822; baseline 0 0"><span class='ocrx_word' id='word_1_311' title='bbox 0 0 1786 4822; x_wconf 95' lang='lat' dir='ltr'> </span> 
     </span>
    </p>
   </div>
  </div>
 </body>
</html>
