3562 4822
346 411 405 472 108
638 425 804 475 necennr
820 427 868 475 on
885 427 959 476 nnn
975 429 1197 483 nxncnross
1212 434 1270 484 or

345 577 501 659 Itodlend,
519 579 744 667 Apotheeario‚
759 605 817 671 pro
835 580 966 647 diversis
979 584 1222 653 medicamentis
1245 590 1293 656 ad
1309 614 1409 683 opus
1432 597 1589 676 defuncti,

344 706 399 749 xs.
444 683 524 749 item
539 686 641 749 seluta
658 684 751 749 Petro
766 685 805 750 dc
818 685 844 749 F
846 687 1017 776 restlynge‚
1032 688 1201 754 Paneterio
1226 692 1408 785 Episcopi
1431 701 1589 779 defuncti,

345 808 401 872 pru
417 786 582 851 culciuturu
596 800 628 851 et
642 786 798 873 stipendio
812 787 873 852 sibi
896 787 1010 853 debitis
1029 790 1096 855 ivs.
1110 791 1132 875 ij
1145 791 1178 854 d.
1225 792 1321 860 Item
1348 799 1471 866 soluta
1494 803 1589 891 Regi.

343 888 438 953 uul‹l‹›
455 888 636 977 'i'eguluteri
657 888 696 952 dc
719 886 897 965 Croudene‚
913 911 970 975 pro
993 890 1129 956 factione
1150 893 1348 980 tegularum
1374 900 1513 970 ibidem
1535 928 1590 993 per

345 991 421 1056 dum
436 992 529 1072 vices,
544 1015 613 1055 xxx
623 1015 645 1055 s.
694 990 773 1054 item
789 990 890 1054 seluta
906 992 1058 1077 Magistro
1074 992 1183 1058 Ielane
1199 995 1308 1077 Coeo,
1325 1023 1397 1087 pro
1414 1006 1590 1093 stipendiis

345 1095 408 1159 suis
423 1112 456 1160 ct
470 1097 596 1160 servitio
611 1096 695 1159 dieto
711 1094 860 1158 defuncto
881 1093 1024 1181 inpenso,
1039 1119 1108 1159 xxx
1119 1119 1142 1160 s.
1187 1096 1273 1162 Item
1301 1101 1459 1173 liberate
1482 1112 1587 1176 eidem

345 1197 514 1261 exendum
540 1221 631 1261 cuum
657 1196 767 1259 iteruto
791 1218 872 1259 xxs.
918 1194 999 1260 Item
1023 1196 1154 1261 liberata
1177 1197 1331 1267 Henrioo
1359 1206 1511 1276 Pollard
1532 1237 1589 1299 pro

344 1299 508 1387 stipendiis
522 1300 640 1363 servitii
660 1299 707 1362 sui
726 1321 781 1362 vs.
826 1297 908 1362 Item
932 1298 1033 1362 soluts
1056 1299 1233 1365 Willielmo
1253 1310 1424 1389 parcario
1451 1313 1497 1379 de
1523 1315 1589 1379 Ha.

345 1424 486 1487 ryngeye
501 1423 556 1486 pru
572 1401 734 1487 stipendiis
750 1400 870 1465 servitii
886 1404 933 1465 sui
957 1401 1012 1485 xiij
1026 1425 1049 1465 s.
1064 1402 1098 1466 iv
1109 1402 1141 1468 d.
1186 1403 1270 1468 Item
1297 1410 1421 1477 soluta
1440 1415 1588 1483 Robeno

346 1502 386 1567 dc
408 1503 532 1591 Upwyk
549 1526 605 1590 pro
620 1502 782 1589 stipendiis
800 1503 919 1567 servitii
943 1503 992 1567 sui
1005 1504 1038 1588 vj
1052 1528 1075 1568 s.
1089 1504 1145 1589 viij
1156 1505 1187 1568 d.
1233 1506 1325 1574 Item
1351 1517 1475 1585 soluta
1500 1522 1588 1586 Met.

347 1607 433 1695 gerie
464 1606 570 1671 relicte
602 1605 735 1669 Gilberti
765 1606 804 1670 dc
828 1605 1073 1686 Chelmereferd,
1095 1608 1224 1673 nomine
1254 1624 1464 1688 executoris
1492 1640 1588 1691 teste·

345 1710 443 1777 ruenti
459 1710 536 1774 dicti
554 1709 686 1775 Gilberti
703 1708 807 1772 mariti
827 1708 886 1785 sui,
901 1731 958 1794 pro
974 1709 1137 1795 stipendiis
1152 1712 1273 1776 servitii
1288 1719 1360 1796 sui,
1378 1724 1449 1810 xiij
1464 1751 1491 1792 g,
1508 1730 1544 1793 iv
1555 1730 1587 1794 d,

349 1812 426 1879 item
454 1814 554 1877 solutu
583 1811 752 1876 Laurentio
779 1812 807 1875 le
833 1809 961 1895 Wayte,
987 1834 1045 1896 pro
1070 1814 1233 1901 arreragiis
1256 1817 1521 1904 stipendiorum
1546 1833 1588 1898 de

343 1915 470 1981 servitiu
496 1939 562 1994 stre,
589 1915 610 1999 ij
621 1938 644 1977 u.
692 1913 771 1978 Item
794 1912 925 1977 liberata
946 1912 1049 1977 eidem
1077 1914 1199 1994 iterate,
1228 1915 1263 1980 in
1291 1934 1587 2010 augmentatione

344 2016 570 2103 stipendiorum
597 2040 723 2081 suorum
745 2017 786 2081 eb
810 2014 907 2102 ipsius
930 2015 1052 2095 merita,
1073 2018 1105 2101 vj
1119 2042 1143 2083 s.
1162 2019 1221 2104 viij
1231 2019 1262 2083 d.
1310 2021 1409 2094 Item
1439 2033 1585 2103 liberata

343 2114 525 2183 hominibus
540 2118 579 2181 de
601 2118 704 2181 ossieio
724 2129 756 2181 et
777 2115 977 2204 garcionibus
1000 2117 1151 2199 defuncti,
1165 2142 1223 2207 pro
1245 2131 1431 2216 arreragiis
1455 2139 1586 2226 stipen.

344 2218 467 2282 dicmm
493 2241 618 2282 suerum
642 2219 680 2282 de
705 2219 804 2283 tribus
828 2218 991 2306 quarteriis
1015 2221 1100 2299 enni,
1126 2223 1158 2306 vj
1169 2223 1202 2286 li.
1226 2224 1282 2309 xiij
1294 2250 1320 2292 s.
1348 2231 1391 2295 iv
1402 2237 1438 2301 d.
1491 2242 1582 2309 Item

343 2318 444 2383 reluta
465 2317 600 2383 Ricurdo
617 2317 798 2382 Marescalle
824 2321 965 2386 defuncti
990 2345 1048 2408 pre
1074 2323 1137 2389 suis
1160 2325 1326 2413 stipendiis
1339 2355 1395 2399 xx
1409 2362 1436 2403 s,
1491 2344 1581 2412 Item

343 2420 473 2485 liberata
497 2419 665 2483 Laurentio
689 2420 811 2485 custodi
837 2422 950 2487 Palatii
976 2425 1124 2513 Episcopi
1150 2430 1235 2515 apud
1263 2429 1497 2525 Londoniam,
1515 2472 1580 2535 pro

343 2522 574 2591 construetione
589 2520 751 2606 cujusdam
767 2523 850 2586 muri
873 2537 942 2611 post
957 2525 1070 2591 festum
1093 2551 1244 2616 magnum
1267 2536 1356 2618 quod
1381 2544 1579 2617 celebravit

340 2626 456 2693 ibidem
474 2627 506 2691 in
523 2623 641 2705 Natali,
655 2624 733 2707 xxvj
745 2647 769 2691 s.
805 2624 887 2690 Item
903 2625 1004 2691 soluta
1019 2626 1042 2693 J
1045 2628 1162 2695 ohauni
1183 2632 1222 2697 de
1239 2633 1483 2734 Malmesbery‚
1501 2651 1575 2717 No-

342 2731 422 2797 tario
438 2729 589 2809 defuncti,
605 2752 661 2816 pro
678 2726 841 2815 stipendiis
856 2727 976 2792 servitii
991 2730 1049 2806 sui,
1064 2731 1121 2815 xiij
1135 2755 1157 2796 s.
1173 2733 1245 2799 ivd.

1080 2834 1210 2900 Summa
1223 2838 1269 2922 xij
1279 2839 1312 2903 li.
1326 2843 1386 2928 xiij
1400 2869 1430 2911 s.
1447 2874 1474 2916 x
1485 2855 1520 2919 d,

385 2961 551 3025 Doun'rn.
597 2958 698 3023 Iidem
715 2957 910 3024 Executores
924 2972 1111 3044 computant
1126 2961 1241 3030 donata
1256 2965 1387 3034 domino
1403 2973 1433 3038 J
1435 2978 1567 3048 chunni

342 3062 449 3143 Beret,
464 3061 577 3127 clerieo
601 3059 808 3136 Eschaetoris‚
824 3082 881 3144 pre
903 3058 1042 3124 amicitia
1064 3084 1119 3126 sua
1140 3062 1293 3147 habenda,
1308 3090 1349 3134 ne
1372 3072 1568 3151 destrueret

341 3180 373 3234 et
388 3173 584 3233 consumeret
598 3163 680 3227 bone
696 3161 837 3224 defuncti
852 3161 1019 3226 existentia
1039 3162 1072 3225 in
1089 3167 1244 3248 maneriis,
1259 3193 1337 3235 xxs.
1385 3174 1476 3245 Item
1502 3186 1565 3251 do.

340 3282 414 3338 nata
435 3267 618 3347 Laurentio,
635 3265 750 3331 clerico
772 3263 912 3348 ejusdem
938 3264 1146 3347 Eschuetoris,
1174 3293 1215 3334 ex
1236 3273 1344 3339 eadem
1367 3300 1478 3364 causa,
1498 3311 1560 3355 κε,

342 3375 422 3442 Item
431 3375 561 3440 liberata
570 3369 699 3436 domino
709 3367 732 3433 J
734 3367 851 3433 ohanni
861 3365 901 3430 de
911 3366 1203 3455 Bassyngebourne‚
1214 3374 1391 3442 vicecomiti
1404 3380 1559 3470 Essexie,

339 3502 397 3569 pro
420 3477 606 3555 curialitate,
630 3484 667 3539 ut
691 3483 770 3538 esset
796 3469 975 3534 favorabilis
1000 3470 1035 3534 in
1059 3476 1245 3560 exequendo
1266 3490 1297 3543 et
1322 3491 1558 3557 reattomando

339 3582 486 3647 brevibus
499 3604 555 3669 per
569 3586 752 3645 executores
766 3586 875 3640 contra
892 3573 1047 3640 debitores
1062 3575 1203 3642 defuncti
1219 3580 1381 3668 inpetratis
1402 3597 1436 3650 et
1457 3588 1558 3680 inpe·

340 3684 469 3762 tuendis,
494 3705 573 3748 xxs.
618 3681 700 3746 Item
726 3677 858 3744 liberata
884 3675 1014 3742 domino
1041 3677 1174 3766 Hugoni
1197 3683 1236 3747 de
1260 3685 1479 3774 Notyngham,
1508 3719 1556 3761 ex

339 3784 525 3863 curialitate,
539 3807 596 3869 pro
610 3779 756 3861 habendo
771 3778 891 3845 auxilie
907 3792 939 3845 et
953 3780 1083 3845 consilio
1099 3805 1154 3846 suo
1177 3784 1259 3851 circa
1280 3789 1407 3875 negotia
1421 3797 1555 3862 contin·

339 3886 447 3983 gentia
461 3885 655 3951 Executerer
668 3883 797 3950 nemine
813 3882 956 3948 defuncti
970 3883 1004 3949 in
1023 3884 1195 3969 Scaccaric,
1211 3888 1246 3952 xl
1256 3913 1279 3955 s.

1204 3990 1334 4058 Summa
1347 3993 1380 4058 iv
1391 3993 1426 4062 li.
1440 4018 1465 4059 x
1476 4020 1499 4061 s.
