3562 4822
476 454 519 514 78
758 469 929 519 sccotsr
943 472 991 520 or
1006 471 1082 518 ms
1097 468 1316 518 axscurons
1329 466 1380 516 or

476 643 574 684 arene
595 621 697 686 eidem
722 624 763 688 de
784 626 873 690 exitu
895 626 1028 713 grangie
1049 625 1187 690 venditis
1207 624 1344 711 pretium
1364 618 1514 708 quarterii
1528 617 1592 701 ijs.
1638 614 1693 681 Et

476 723 517 787 de
540 725 583 808 vij
596 725 628 788 li.
653 749 708 789 xa
733 728 774 792 de
798 728 1008 815 quadraginta
1028 742 1062 793 et
1083 728 1224 814 quinque
1244 723 1411 813 quarteriis
1431 719 1627 786 mixtilionis
1643 718 1693 783 de

476 826 565 890 exitu
581 827 719 915 Grangie
743 829 846 894 eidem
875 830 1056 895 Escbaetori
1084 830 1234 905 venditis,
1266 826 1405 915 pretium
1430 821 1584 911 quartarii
1611 821 1694 904 iija.

475 928 550 992 ivd.
594 930 637 994 Et
651 930 691 995 de
704 931 795 1016 lxxij
805 956 830 995 s.
843 933 876 1017 vj
886 932 918 996 d.
933 933 974 996 de
987 932 1105 1020 viginti
1118 948 1151 997 et
1165 931 1305 1018 quinque
1315 926 1480 1016 quarteriis
1493 938 1526 990 et
1539 923 1693 988 dimidio

474 1032 662 1096 mixtilionis
695 1033 735 1097 de
767 1035 857 1098 exitu
881 1035 1018 1122 granarii
1043 1035 1182 1098 venditis
1204 1034 1292 1098 dicto
1319 1028 1512 1105 Eschaetom
1535 1027 1688 1113 pretium

475 1136 624 1220 quarterii
638 1136 671 1218 iij
684 1159 708 1199 s.
753 1136 833 1201 Item
847 1139 1037 1224 respondent
1056 1137 1096 1202 de
1117 1160 1209 1199 xxxv
1219 1159 1245 1201 s.
1258 1136 1302 1218 vij
1315 1133 1346 1198 d.
1362 1132 1456 1198 obolo
1470 1130 1511 1195 de
1523 1129 1688 1194 undecim

475 1238 640 1320 quarteriis
663 1254 781 1323 septem
807 1234 948 1305 buseellis
971 1240 1160 1304 mixtilionis
1184 1239 1224 1304 de
1248 1239 1340 1303 exim
1366 1234 1512 1301 Granarii
1535 1232 1690 1296 liberatis

475 1340 632 1424 preposito
655 1339 758 1404 Electi
782 1341 822 1404 ad
845 1342 1061 1407 liberationem
1085 1342 1274 1406 famulorum
1294 1363 1350 1427 per
1364 1337 1501 1425 pretium
1523 1335 1688 1420 quarterii

474 1440 510 1523 iij
522 1464 547 1503 s.
592 1441 635 1505 Et
654 1441 693 1505 de
712 1443 864 1528 lxxiiijs.
873 1445 887 1527 j
900 1445 931 1506 d.
946 1446 997 1509 ob.
1013 1446 1053 1508 de
1066 1446 1184 1530 viginti
1208 1458 1241 1508 et
1263 1444 1364 1507 tribus
1386 1438 1551 1526 quarteriis
1574 1437 1687 1502 tribus

475 1541 616 1606 buaellis
638 1557 672 1607 et
696 1544 829 1609 dimidio
851 1547 985 1633 siliginis
1006 1547 1046 1611 de
1070 1549 1161 1612 exitu
1187 1546 1326 1632 Grangie
1347 1542 1450 1608 eidem
1472 1540 1615 1606 liberatis
1635 1540 1685 1605 ad

473 1643 689 1710 liberationem
700 1646 890 1711 famulorum
905 1649 1090 1726 faciendam,
1105 1649 1241 1737 pretinm
1256 1646 1407 1735 quarterii
1420 1646 1454 1729 iij
1467 1669 1493 1710 s.
1507 1645 1541 1708 iv
1551 1642 1586 1708 d.
1632 1642 1683 1707 Et

474 1744 513 1810 de
539 1748 654 1813 xxixs.
675 1747 715 1813 de
741 1750 976 1835 quatuordecim
1006 1753 1170 1838 quarteriis
1196 1766 1229 1815 et
1253 1749 1386 1814 dimidio
1410 1770 1510 1813 arene
1535 1746 1682 1811 liberatis

474 1849 576 1914 eidem
602 1851 642 1914 ad
674 1852 865 1938 prebendam
894 1877 1047 1940 equorum
1076 1854 1180 1931 electi,
1209 1853 1346 1940 pretium
1375 1848 1526 1937 quarterii
1554 1848 1615 1931 ijs.
1643 1862 1682 1913 et

473 1949 534 2015 boe
559 1953 599 2016 de
622 1954 712 2017 exitu
739 1954 894 2019 Grsnarii.
950 1955 1031 2020 Item
1060 1955 1250 2041 respondent
1283 1953 1323 2017 de
1355 1953 1479 2016 duobus
1509 1950 1681 2036 quarteriis

474 2053 596 2118 duobus
620 2055 761 2120 bussellis
785 2080 883 2120 arene
909 2058 1010 2144 captis
1032 2079 1090 2143 per
1114 2055 1333 2120 Fscbaetorem
1356 2067 1390 2117 et
1415 2053 1575 2116 ministros
1602 2075 1681 2118 suos

473 2155 566 2240 pretii
589 2155 621 2217 iv
634 2179 657 2218 s.
679 2157 711 2238 η’
725 2157 756 2219 d.
778 2170 811 2219 et
832 2158 871 2220 ad
894 2159 1088 2221 voluntatem
1111 2179 1199 2220 suam
1221 2156 1288 2220 sine
1309 2155 1398 2219 omni
1418 2153 1606 2217 allooatione
1619 2176 1681 2218 ex·

473 2255 588 2339 pensis.
633 2255 677 2318 Et
704 2255 744 2320 de
772 2258 888 2343 viginti
914 2258 1078 2345 quarteriis
1101 2280 1200 2322 avene
1228 2257 1271 2321 ad
1298 2255 1489 2344 prebendam
1518 2277 1676 2340 equorum

473 2378 600 2418 suorum
629 2357 867 2422 carectariorum
896 2373 929 2424 et
957 2374 1123 2424 stottorum
1151 2384 1171 2424 a
1198 2372 1300 2423 morte
1327 2358 1476 2445 Episcopi
1503 2379 1603 2443 usque
1633 2358 1677 2422 ad

473 2456 559 2520 diem
584 2456 691 2522 Sancti
718 2459 848 2523 Hillarii
869 2462 1012 2547 proxime
1032 2476 1213 2550 sequentem
1235 2462 1329 2548 pretii
1343 2462 1413 2525 xls.
1428 2460 1565 2547 pretium
1580 2483 1677 2545 quar·

473 2558 545 2622 terii
559 2558 581 2642 ij
594 2582 618 2623 s
632 2561 672 2625 ab
687 2561 761 2648 ipsis
774 2561 882 2627 invitis
896 2565 1115 2630 executoribus
1129 2565 1266 2629 detentis
1284 2578 1317 2629 et
1336 2564 1495 2650 occupatis
1518 2576 1555 2628 ut
1579 2564 1678 2631 infra.

473 2661 519 2727 Et
539 2663 580 2729 de
601 2678 720 2752 septem
741 2668 905 2753 quarteriis
926 2682 959 2732 et
981 2668 1115 2733 dinridio
1136 2669 1271 2756 siliginis
1293 2692 1351 2755 pro
1372 2667 1556 2732 liberatione
1571 2667 1678 2734 famu-

473 2765 574 2830 lorum
598 2790 725 2832 suorum
750 2769 844 2856 pretii
867 2793 970 2833 xxvs.
996 2770 1132 2857 pretium
1155 2770 1305 2856 quarterii
1323 2769 1358 2853 iij
1371 2792 1395 2834 s.
1415 2769 1448 2832 iv
1458 2769 1490 2832 d.
1511 2772 1678 2856 oocupatis

470 2882 504 2932 et
517 2868 652 2933 detentis
666 2883 703 2933 ut
717 2872 812 2957 prius.
857 2871 900 2935 Et
914 2870 954 2935 de
969 2871 1089 2936 cxivli.
1104 2894 1127 2933 x
1136 2894 1159 2935 s.
1173 2870 1214 2935 de
1224 2871 1415 2934 omnimodis
1426 2870 1527 2934 bladis
1539 2871 1678 2938 residuis

470 2982 536 3032 tam
560 2970 595 3034 in
621 2970 760 3058 Grangia
784 2996 877 3058 quam
901 2972 936 3036 in
958 2996 1023 3036 uno
1047 2972 1143 3036 Tasso
1165 2987 1256 3037 extra
1282 2973 1454 3060 Graugiam
1476 2972 1615 3037 venditis
1637 2973 1677 3039 in

470 3094 587 3155 grosso.
627 3071 670 3135 Et
684 3073 723 3136 de
738 3075 817 3157 xviij
828 3075 861 3137 li.
875 3076 919 3158 vij
930 3098 953 3138 s.
968 3076 1002 3160 vj
1012 3076 1042 3140 d.
1058 3075 1097 3140 de
1111 3076 1255 3141 duoeutis
1266 3076 1474 3164 quadraginta
1487 3091 1520 3142 et
1529 3077 1676 3164 quinque

470 3172 549 3238 acris
562 3173 721 3237 seminatis
731 3175 816 3261 apud
829 3174 961 3240 Sutham
974 3177 1013 3240 de
1024 3177 1181 3243 frumento
1195 3178 1333 3242 venditis
1347 3178 1448 3244 electo
1460 3202 1518 3265 per
1531 3178 1675 3265 pretium

469 3299 540 3340 acre
562 3275 640 3359 xviij
654 3275 687 3340 d.
732 3276 776 3340 Et
796 3277 836 3342 de
858 3277 927 3341 lxvi
937 3302 961 3343 s.
986 3278 1050 3343 xd.
1072 3280 1184 3345 obde
1208 3280 1326 3368 viginti
1347 3295 1380 3346 et
1401 3282 1523 3347 duabus
1543 3282 1624 3346 aeris
1638 3296 1674 3349 et

469 3376 600 3440 dimidia
614 3377 772 3442 seminatis
793 3379 832 3443 de
853 3379 980 3467 siligine
1001 3395 1033 3445 et
1056 3380 1096 3446 de
1119 3383 1250 3470 triginta
1265 3397 1297 3448 et
1311 3408 1375 3448 una
1389 3386 1468 3449 aeris
1482 3384 1676 3452 mixtilionia

469 3481 587 3545 ibidem
613 3481 755 3545 similiter
780 3483 938 3547 seminatis
963 3482 1062 3547 electo
1087 3485 1225 3550 venditis
1247 3509 1305 3573 per
1324 3486 1461 3572 pretium
1484 3510 1554 3552 acre
1579 3511 1626 3552 xv
1638 3488 1674 3552 d.

471 3582 515 3645 Et
528 3582 568 3645 de
582 3581 648 3647 xli.
663 3583 696 3667 xj
709 3605 735 3649 s.
755 3584 821 3648 xd.
842 3586 893 3650 ob.
916 3585 956 3649 de
980 3600 1098 3672 septem
1119 3588 1237 3676 viginti
1260 3604 1292 3653 et
1315 3612 1378 3653 una
1401 3590 1481 3654 acris
1506 3614 1569 3654 uua
1592 3590 1675 3657 roda

468 3681 628 3746 seminatis
651 3682 691 3745 de
715 3684 872 3750 frumento
894 3685 981 3772 apud
1004 3686 1131 3773 Eylond
1153 3690 1291 3754 venditis
1312 3690 1412 3754 electo
1433 3691 1570 3777 pretium
1595 3714 1673 3757 aere

468 3784 550 3848 xviii
558 3783 589 3846 d.
635 3785 678 3848 Et
691 3786 730 3850 do
744 3787 776 3851 iv
786 3789 818 3851 li.
836 3789 913 3855 siis.
929 3789 968 3854 de
982 3790 1212 3879 quinquaginta
1226 3806 1258 3858 et
1273 3806 1344 3857 octo
1358 3794 1438 3858 acris
1458 3794 1618 3858 seminatis
1628 3794 1674 3861 de

469 3887 628 3950 frumento
648 3886 682 3950 in
705 3887 899 3955 Plomberwe
916 3892 1053 3957 venditis
1068 3893 1196 3959 domiuo
1213 3895 1246 3960 S.
1260 3895 1300 3960 de
1316 3896 1514 3962 Gravesende
1528 3897 1670 3984 pretium

466 4012 537 4055 acro
564 3988 644 4074 xviij
656 3987 690 4053 d.
743 3990 787 4054 Et
814 3992 854 4057 de
883 3992 916 4056 iv
924 3995 960 4060 li.
987 3994 1066 4081 rijs.
1095 3995 1136 4063 de
1163 3998 1395 4087 quinquaginta
1423 4013 1456 4065 et
1484 4012 1556 4065 octo
1585 4000 1669 4067 acris
